1461 2448
117 171 167 209 34
297 157 541 198 HORATJ
557 157 1003 196 EPISTULARUM
1028 155 1179 211 [XVII.
1204 167 1308 207 27—

115 257 226 294 Alter
253 268 495 305 purpureum
524 267 607 293 non
637 253 880 303 exspectabit
908 252 1107 303 amictum,

114 319 307 370 quidlibet
334 319 494 358 indutus
523 318 774 359 celeberrima
801 330 872 368 per
898 318 986 356 loca
1012 319 1140 368 vadet,

113 397 404 435 personamque
431 385 527 423 feret
555 396 637 421 non
666 382 929 420 inconcinnus
957 389 1182 434 utramque:

112 450 209 488 alter
239 449 366 487 Mileti
394 455 542 487 textam
571 460 670 486 cane
697 447 808 496 peius
837 453 877 485 et
903 445 1022 496 angui
1256 460 1306 497 30

113 512 250 551 vitabit
279 513 525 562 chlamydem
534 527 545 561 3
575 511 762 550 morietur
788 510 928 560 frigore
956 509 989 548 si
1015 523 1098 549 non

114 577 305 616 rettuleris
334 590 521 627 pannum.
580 576 700 615 Refer
728 582 766 614 et
795 575 880 614 sine
906 574 1011 614 vivat
1039 574 1206 625 ineptus.

114 644 198 681 Res
225 655 369 692 gerere,
401 648 440 681 et
468 648 607 691 captos
635 641 844 679 ostendere
872 639 1022 678 civibus
1050 640 1186 689 hostis,

114 707 269 757 attingit
298 706 440 745 solium
470 705 577 744 Iovis
606 712 645 744 et
673 703 857 743 caelestia
884 711 1061 753 temptat.

115 771 360 821 Principibus
388 771 581 821 placuisse
608 768 698 807 viris
726 782 807 807 non
836 768 973 807 ultima
1000 769 1084 807 laus
1113 775 1180 807 est.
1259 781 1305 819 35

116 838 209 874 Non
238 835 358 873 cuivis
387 834 538 873 homini
566 833 759 883 contingit
787 832 894 871 adire
924 832 1170 872 Corinthum.

115 900 224 938 Sedit
253 899 320 949 qui
348 898 478 937 timuit
506 911 557 937 ne
585 911 666 936 non
695 898 942 936 succederet:
971 906 1067 936 esto.

115 964 252 1013 Quid?
297 962 365 1014 qui
393 962 580 1013 pervenit,
611 962 754 1001 fecitne
782 961 967 1001 viriliter?
1006 961 1130 1012 Atqui

115 1029 180 1067 hic
218 1037 276 1067 est
315 1035 383 1067 aut
420 1040 615 1078 nusquam
653 1026 761 1076 quod
803 1025 1038 1077 quaerimus.
1096 1025 1179 1065 Hic
1207 1040 1309 1065 onus

223 1094 363 1139 horret,

117 1164 160 1195 ut
187 1157 315 1207 parvis
343 1154 484 1194 animis
514 1163 552 1195 et
579 1168 699 1206 parvo
728 1168 889 1205 corpore
917 1155 1060 1194 maius:
1259 1170 1309 1204 40

116 1221 180 1259 hic
209 1221 313 1259 subit
342 1227 380 1259 et
408 1221 560 1270 perfert.
618 1222 699 1257 Aut
728 1219 847 1257 virtus
876 1232 1023 1258 nomen
1052 1219 1218 1268 inanest,

117 1293 184 1325 aut
213 1286 334 1323 decus
363 1292 401 1323 et
430 1284 595 1334 pretium
624 1291 729 1322 recte
758 1284 855 1334 petit
884 1284 1088 1334 experiens
1116 1285 1182 1324 vir.

118 1351 262 1389 Coram
291 1361 380 1398 rege
409 1361 478 1386 sua
507 1349 556 1386 de
585 1355 813 1397 paupertate
842 1355 1017 1387 tacentes

117 1415 206 1463 plus
234 1420 424 1463 poscente
452 1413 586 1451 ferent.
645 1412 776 1451 Distat
804 1425 986 1452 sumasne
1013 1414 1207 1463 pudenter

117 1491 168 1516 an
197 1476 340 1527 rapias:
369 1477 476 1526 atqui
504 1490 631 1515 rerum
660 1484 777 1526 caput
806 1477 882 1515 hoc
911 1484 1004 1524 erat,
1035 1477 1099 1516 hic
1126 1480 1224 1517 fons.
1259 1491 1306 1529 45

119 1544 331 1582 ‘Indotata
359 1542 454 1580 mihi
483 1555 590 1580 soror
619 1549 688 1590 est,
719 1543 958 1591 paupercula
985 1551 1120 1590 mater,

118 1614 157 1646 et
185 1608 330 1645 fundus
358 1620 432 1645 nec
460 1606 670 1645 vendibilis
700 1620 774 1644 nec
802 1619 961 1656 pascere
990 1608 1139 1646 firmus'

119 1672 187 1722 qui
216 1671 321 1719 dicit,
352 1673 495 1710 clamat
526 1671 688 1709 ‘victum
718 1671 832 1709 date.’
888 1671 1062 1710 Succinit
1090 1674 1188 1713 alter

121 1740 176 1774 ‘et
204 1736 489 1775 1nihi1⁷dividu0
518 1737 687 1775 findetur
715 1749 876 1774 munere
905 1737 1064 1786 quadra.

120 1801 199 1838 Sed
227 1799 366 1838 tacitus
395 1800 503 1850 pasci
534 1800 565 1838 si
593 1808 726 1850 posset
755 1814 908 1848 corvuS,
938 1802 1101 1840 haberet
1261 1815 1310 1853 50

121 1868 208 1916 plus
237 1865 350 1915 dapis
379 1873 418 1904 et
446 1866 550 1904 rixae
578 1868 704 1904 multo
734 1866 862 1903 minus
892 1865 1154 1915 invidiaeque.

122 1928 373 1968 Brundisium
402 1942 535 1967 comes
564 1937 631 1968 aut
660 1932 889 1969 Surrentum
918 1931 1057 1968 ductus
1085 1944 1296 1971 amoenum

122 1996 190 2046 qui
220 1994 390 2044 queritur
418 1996 588 2033 salebras
618 2003 657 2034 et
685 1997 870 2033 acerbum
898 1995 1015 2044 frigus
1046 2002 1084 2034 et
1112 1995 1256 2045 imbris,

123 2069 189 2099 aut
217 2060 355 2098 cistam
384 2061 580 2098 effractam
610 2067 649 2097 et
678 2060 871 2097 subducta
898 2059 1038 2097 viatica
1065 2060 1201 2108 plorat,

122 2133 216 2163 nota
243 2126 358 2163 refert
385 2124 595 2163 meretricis
625 2124 816 2171 acumina,
848 2137 965 2173 saepe
993 2126 1185 2172 catellam,
1262 2139 1308 2177 55

189 2217 240 2247 30.
279 2206 385 2247 angui
405 2206 550 2237 Priscian
575 2206 660 2237 EM:
694 2216 799 2246 angue
824 2204 854 2235 ω’
883 2206 958 2237 OK.
1048 2216 1101 2246 43.
1139 2216 1199 2237 sua
1227 2207 1310 2239 BM:

126 2272 182 2292 sm
200 2260 230 2291 ω’
247 2261 322 2292 OK.
