1461 2448
171 158 284 196 XIV.
305 155 385 209 44]
643 158 830 195 LIBER
858 157 892 196 J.
1308 164 1354 201 27

170 266 233 292 me
261 260 438 292 constare
467 251 561 291 mihi
590 252 664 291 scis
693 260 731 291 et
759 252 961 290 discedere
990 249 1138 289 tristem

170 318 500 366 quandocumque
528 318 684 355 trahunt
712 316 835 354 invisa
862 315 1020 364 negotia
1048 316 1232 353 Romam.

170 382 264 419 Non
288 381 429 419 eadem
457 380 662 419 miramur:
696 393 744 419 eo
772 379 1016 418 disconvenit
1045 378 1144 417 inter

169 457 311 494 meque
336 452 374 483 et
400 451 447 483 te.
507 446 611 482 Nam
637 457 738 494 quae
763 444 915 482 deserta
941 451 980 481 et
1004 442 1199 492 inhospita
1218 449 1356 491 tesqua

170 508 307 557 eredis,
337 522 504 547 amoena
531 515 645 547 vocat
674 521 829 546 mecum
860 507 926 557 qui
955 506 1083 552 sentit,
1113 514 1151 544 et
1181 506 1263 544 odit
1307 519 1355 543 20

170 585 269 622 quae
295 580 336 611 tu
364 574 526 623 pulchra
553 580 679 622 putas.
738 571 883 610 Fornix
910 570 979 609 tibi
1005 578 1043 608 et
1070 577 1186 608 uncta
1210 568 1355 619 popina

169 635 363 675 incutiunt
390 637 494 675 urbis
523 636 771 683 desiderium,
800 636 927 681 video,
958 641 997 673 et
1026 635 1134 684 quod

170 702 332 751 angulus
359 701 431 740 iste
460 703 556 740 feret
583 701 696 751 piper
723 708 761 739 et
789 708 851 739 tus
881 699 990 738 ocius
1019 711 1105 745 uva,

169 777 244 803 nec
269 764 398 803 vicina
425 766 557 805 subest
584 765 719 803 vinum
747 765 935 815 praebere
963 764 1125 802 taberna

170 841 270 878 quae
297 827 420 879 possit
447 828 528 876 tibi,
559 842 634 867 nec
661 828 841 868 meretrix
868 827 1039 874 tibicina,
1069 827 1179 865 cuius
1308 836 1353 874 25

169 892 220 929 ad
248 892 452 942 strepitum
480 892 592 931 salias
621 900 743 931 terrae
770 892 918 943 gravis:
947 899 985 931 et
1014 899 1146 930 tamen
1173 903 1313 940 urgues

169 955 246 994 iam
273 956 426 1006 pridem
455 970 535 995 non
564 964 667 995 tacta
694 957 887 1007 ligonibus
916 969 1005 995 arva
1033 956 1254 1005 bovemque

170 1018 405 1058 disiunctum
433 1033 544 1059 curas
572 1028 610 1059 et
639 1020 778 1059 strictis
806 1021 1009 1060 frondibus
1038 1022 1193 1070 exples:

99 1079 279 1124 gaddit
306 1098 406 1136 opus
433 1085 542 1136 pigro
571 1085 685 1134 rivus,
715 1085 746 1124 si
775 1086 921 1124 decidit
950 1086 1083 1133 imber,

169 1150 292 1187 multa
318 1150 423 1188 mole
451 1150 654 1188 docendus
683 1149 814 1199 aprico
842 1162 998 1199 parcere
1026 1156 1146 1199 prato.
1307 1161 1355 1196 30

170 1215 289 1252 Nunc
317 1226 398 1264 age,
431 1213 526 1263 quid
555 1221 729 1252 nostrum
759 1222 995 1253 concentum
1023 1214 1173 1252 dividat
1200 1213 1301 1252 audi.

172 1278 301 1326 Quem
328 1284 464 1316 tenues
493 1278 658 1316 decuere
686 1285 800 1328 togae
828 1278 1021 1327 nitidique
1049 1277 1188 1327 capilli,

171 1353 287 1390 quem
316 1341 390 1379 scis
418 1341 620 1380 inmunem
648 1342 816 1381 Cinarae
844 1343 1036 1392 placuisse
1064 1341 1205 1391 rapaci,

172 1417 288 1454 quem
316 1404 493 1443 bibulum
521 1405 659 1455 liquidi
687 1406 818 1444 media
845 1407 895 1445 de
923 1408 1011 1445 luce
1040 1405 1206 1454 Falerni,

171 1483 270 1508 cena
288 1469 415 1508 brevis
434 1468 540 1508 iuvat
560 1478 598 1509 et
617 1483 741 1533 prope
760 1471 887 1523 rivum
904 1484 1065 1510 somnus
1084 1471 1124 1509 in
1144 1471 1273 1509 herba.
1307 1482 1354 1521 35

171 1535 258 1573 Nec
285 1533 422 1572 lusisse
450 1535 582 1584 pudet,
614 1536 702 1573 sed
712 1548 793 1574 non
801 1524 992 1575 incidere
1020 1537 1168 1575 ludum.

172 1599 266 1636 Non
292 1596 378 1635 istic
406 1598 567 1647 obliquo
597 1600 712 1638 oculo
741 1612 829 1638 mea
856 1601 1066 1639 commoda
1094 1599 1299 1656 quisquam
1339 1602 1341 1604 ’
1367 1600 1370 1601 ’

170 1662 291 1710 limat,
319 1674 401 1699 non
430 1662 524 1700 odio
553 1663 719 1705 obscuro
748 1675 958 1713 morsuque
985 1671 1177 1703 venenat:
1234 1677 1269 1694 >

170 1726 299 1765 rident
325 1725 441 1765 vicini
469 1727 626 1776 glaebas
656 1733 695 1765 et
722 1739 814 1765 saxa
841 1735 1098 1766 moventemf
1186 1771 1189 1775 ἱ
1244 1731 1245 1735 ’

172 1792 275 1830 Cum
302 1791 420 1829 servis
448 1792 598 1829 urbana
625 1790 747 1830 diaria
774 1792 912 1830 rodere
940 1792 1064 1830 mavis
1079 1805 1091 1840 3
1307 1803 1356 1838 40

113 1853 311 1893 *Eorum
338 1861 381 1893 tu
408 1854 449 1893 in
476 1868 684 1894 numerum
711 1864 806 1895 voto
834 1856 935 1895 ruis:
965 1856 1114 1896 invidet
1142 1869 1256 1895 usum

171 1916 364 1967 lignorum
391 1925 430 1956 et
459 1918 612 1968 pecoris
640 1918 711 1957 tibi
739 1921 824 1958 calo
853 1928 1010 1970 argutus
1041 1928 1080 1959 et
1109 1921 1222 1959 horti.

173 1982 296 2031 Optat
322 1981 507 2032 ephippia
534 1983 616 2029 bos,
647 1981 755 2032 piger
783 1990 894 2033 optat
923 1997 1029 2022 arare
1058 1983 1241 2022 caballus.
1277 1992 1280 1995 ·

173 2045 302 2094 Quam
330 2045 402 2084 scit
429 2053 603 2096 uterque,
633 2046 772 2094 libens,
803 2049 988 2094 censebo,
1016 2054 1195 2086 exerceat
1223 2053 1358 2085 artem.

238 2138 286 2171 19.
334 2134 441 2172 tesqua
459 2142 483 2161 ω
499 2132 601 2163 ΒΚΜ
616 2144 624 2163 :
655 2136 734 2164 tesca
752 2132 794 2164 O.
856 2143 906 2174 ²3·
953 2137 1005 2164 tus
1021 2132 1053 2163 ω’
1070 2133 1172 2164 ΒΚΜ
1188 2145 1196 2165 2
1224 2132 1300 2164 thus
1316 2133 1358 2165 O.

174 2193 225 2225 39.
267 2184 395 2224 glaebas
425 2185 517 2216 KM:
544 2186 652 2227 glebas
683 2185 715 2218 ω’
747 2186 817 2219 ΒΟ.
918 2197 970 2227 40.
1017 2186 1126 2218 dz'am‘a
1157 2184 1212 2218 w'z
1241 2186 1363 2217 cibaria

173 2239 315 2271 Mavort.
