1461 2448
142 125 188 159 62
458 122 503 171 Q.
534 123 776 161 HORATJ
805 124 1027 162 FLACCJ
1218 121 1339 175 [20—

142 220 215 257 scis
245 219 449 260 simulare:
489 221 585 271 quid
613 223 698 268 hoc,
731 222 762 260 si
792 221 921 260 fractis
951 228 1082 260 enatat
1110 233 1247 271 exspes
1291 234 1338 258 20

140 285 306 335 navibus
335 300 424 325 aere
454 288 546 325 dato
576 287 641 336 qui
671 287 872 336 pingitur?
927 287 1133 340 Amphora
1161 285 1294 337 coepit

142 347 313 398 institui3
355 359 533 388 currente
562 359 646 388 rota
675 364 743 388 cur
771 364 908 388 urceus
938 350 1047 388 exit?

144 414 327 464 Denique
356 415 404 453 sit
433 415 585 464 quidvis
615 415 781 464 simplex
811 416 1013 453 dumtaxat
1044 421 1083 453 et
1110 427 1243 452 unum.

145 480 318 517 Maxima
346 492 434 529 pars
462 489 608 526 vatum,
638 490 750 529 pater
779 488 816 518 et
846 480 1006 517 iuvenes
1036 487 1146 529 patre
1175 479 1294 529 digni,

143 544 360 594 decipimur
390 545 522 593 specie
551 545 664 582 recti:
703 544 831 583 brevis
862 558 946 582 esse
976 545 1124 590 laboro,
1293 556 1338 592 25

143 611 330 647 obscurus
360 611 436 657 fiog
477 618 691 647 sectantem
721 610 820 647 levia
850 610 956 648 nervi

121 667 329 722 {deficiunt
358 673 582 723 animique3
619 675 817 722 professus
845 674 1006 723 grandia
1033 680 1184 723 turget3

145 739 264 788 serpit
292 738 401 776 humi
430 746 534 777 tutus
563 739 729 776 nimium
759 740 998 788 timidusque
1027 728 1410 799 prffiellaeffiss-“fm

145 805 211 852 qui
240 804 386 842 variare
416 804 524 853 cupit
551 817 634 842 rem
663 804 930 854 prodigialiter
958 817 1088 851 unam,

145 869 377 918 delphinum
409 869 513 907 silvis
541 868 731 918 appingit,
765 869 945 907 fluctibus
975 881 1123 918 aprum.
1293 880 1343 914 30

147 937 195 972 In
224 935 361 972 vitium
391 935 501 972 ducit
530 936 667 983 culpae
696 935 786 984 fuga
815 935 844 972 si
875 942 979 972 caret
1008 942 1099 972 arte.

146 999 358 1037 Aemilium
389 999 490 1037 circa
519 1000 654 1037 ludum
683 1000 790 1037 faber
819 1012 920 1037 lmus
950 1006 988 1037 et
1016 997 1157 1047 unguis

147 1064 337 1114 exprimet
366 1072 403 1101 et
433 1064 561 1101 mollis
591 1063 804 1101 imitabitur
833 1076 921 1101 aere
951 1062 1124 1112 capillos,

148 1130 280 1168 infelix
310 1129 437 1178 operis
468 1141 634 1175 summa,
666 1127 757 1177 quia
786 1140 935 1177 ponere
964 1134 1092 1164 toturn

148 1195 305 1233 nesciet.
350 1196 473 1232 Hunc
503 1207 575 1244 ego
596 1207 670 1240 me,
694 1193 725 1230 si
746 1193 842 1242 quid
862 1205 1100 1241 componere
1120 1204 1263 1239 curem,
1297 1203 1342 1240 35

148 1274 227 1299 non
258 1260 380 1309 magis
410 1272 494 1297 esse
523 1259 640 1296 velim
671 1271 791 1306 quam
822 1270 918 1295 naso
946 1257 1076 1294 vivere
1105 1269 1238 1306 pravo,

149 1328 409 1377 spectandum
440 1323 556 1373 nigris
587 1323 709 1362 oculis
739 1322 928 1372 nigroque
957 1306 1151 1375 capillos

150 1392 300 1430 Sumite
330 1389 533 1427 materiam
562 1387 710 1434 vestris,
743 1387 808 1436 qui
838 1385 1014 1432 scribitis,
1047 1398 1213 1435 aequam

150 1457 306 1502 viribus⁷
339 1464 376 1493 et
405 1462 557 1493 versate
587 1453 654 1491 diu
686 1452 781 1502 quid
810 1454 907 1490 ferre
936 1458 1128 1496 recusent,

151 1522 246 1571 quid
273 1521 429 1558 valeant
458 1518 592 1557 umeri.
652 1518 727 1555 Cui
757 1518 859 1555 lecta
877 1523 1059 1565 potenter
1079 1514 1147 1552 erit
1167 1527 1239 1559 res,
1297 1526 1346 1559 40

150 1601 223 1625 nec
252 1585 434 1624 facundia
463 1585 615 1622 deseret
642 1583 750 1620 hunc
778 1595 853 1619 nec
881 1581 1033 1619 lucidus
1062 1581 1169 1618 ordo.

152 1651 311 1691 Ordinis
340 1651 438 1687 haec
467 1649 586 1686 virtus
616 1648 686 1685 erit
716 1654 754 1685 et
782 1659 916 1692 venus,
947 1653 1013 1683 aut
1043 1657 1115 1694 ego
1144 1645 1265 1690 fallor,

151 1724 193 1755 ut
224 1716 299 1754 iam
330 1728 435 1752 nunc
465 1714 570 1752 dicat
599 1712 677 1750 iam
707 1724 813 1748 nunc
843 1709 1030 1748 debentia
1057 1708 1146 1755 dici,

152 1782 338 1831 pleraque
368 1779 519 1817 differat
550 1785 586 1816 et
615 1789 801 1826 praesens
830 1775 870 1812 in
900 1782 1055 1822 tempus
1084 1772 1249 1810 omittat.

155 1850 203 1885 In
232 1845 359 1884 verbis
389 1843 508 1881 etiam
539 1842 667 1880 tenuis
698 1849 916 1889 cautusque
945 1837 1132 1884 serendis,
1297 1839 1345 1882 46

153 1914 230 1951 hoc
258 1918 372 1958 amet,
406 1910 483 1946 hoc
513 1914 670 1957 spernat
699 1904 881 1955 promissi
909 1901 1090 1941 carminis
1119 1909 1265 1939 auctor.
1299 1912 1346 1949 45

155 1976 309 2017 Dixeris
339 1973 491 2024 egregie
519 1980 659 2010 notum
690 1970 720 2008 si
750 1969 892 2008 callida
918 1967 1080 2006 verbum

154 2037 366 2081 reddiderit
394 2039 573 2077 iunctura
601 2049 759 2074 novum.
818 2034 857 2072 Si
887 2034 984 2071 forte
1014 2043 1176 2069 necesse
1204 2037 1263 2068 est

155 2105 309 2146 indiciis
337 2111 553 2142 monstrare
582 2100 804 2140 recentibus
833 2097 968 2137 abdita
995 2108 1134 2141 rerum,

221 2205 272 2236 26.
318 2204 402 2236 levia
425 2198 584 2233 w'OKM:
608 2200 696 2230 lenia
719 2200 757 2229 B.
998 2205 1049 2236 3²·
1096 2194 1183 2225 imus
1200 2201 1238 2224 w:
1265 2203 1351 2224 unus

156 2260 305 2293 BOKM.
439 2255 565 2297 46-45
588 2254 703 2285 ordine
720 2253 847 2283 inverso
865 2250 930 2282 ωΟ.
