1461 2448
164 143 275 181 xvi.
299 140 353 195 2,]
622 140 809 178 LIBER
837 140 871 177 J.
1303 152 1351 187 29

163 240 330 279 scribere
358 246 397 278 te
425 238 552 286 nobis,
583 237 653 277 tibi
681 251 755 276 nos
783 236 988 275 accredere
1017 248 1087 285 par
1116 242 1184 274 est.
1303 247 1347 284 25

163 304 358 353 Maenius,
391 312 434 343 ut
461 305 576 342 rebus
604 301 788 341 maternis
817 309 936 350 atque
964 299 1135 350 paternis

161 368 312 407 fortiter
339 367 556 418 absumptis
583 368 754 405 urbanus
783 366 914 415 coepit
943 364 1078 403 haberi

163 445 303 480 scurra,
332 445 465 482 vagus,
495 444 575 470 non
605 430 672 480 qui
700 438 849 468 certum
879 442 1068 480 praesepe
1097 436 1257 476 teneret,

161 497 366 547 inpransus
395 509 476 534 non
505 495 571 546 qui
599 495 724 533 civem
754 495 976 533 dinosceret
1004 495 1129 540 hoste,

163 561 360 611 quaelibet
387 560 428 599 in
458 559 635 611 quemvis
664 559 876 609 opprobria
903 560 1048 609 fingere
1077 571 1227 605 saevus,
1301 571 1352 607 30

161 626 353 677 pernicies
382 633 420 665 et
448 633 658 675 tempestas
687 625 990 674 barathrumque
1019 624 1185 672 macelli,

163 690 351 741 quicquid
379 690 609 739 quaesierat,
638 688 762 727 ventri
792 689 965 727 donabat
994 700 1120 726 avaro.

164 755 245 794 Hic
273 754 340 794 ubi
367 754 564 805 nequitiae
593 754 807 792 fautoribus
836 761 874 792 et
903 753 1048 792 timidis
1079 752 1134 790 nil

162 828 230 859 aut
256 821 429 870 paullum
457 820 681 866 abstulerat,
711 818 868 869 patinas
896 819 1062 857 cenabat
1091 816 1226 864 omasi,

161 884 248 923 vilis
276 892 314 923 et
342 883 519 934 agninae,
549 883 671 922 tribus
701 883 797 922 ursis
827 884 935 933 quod
963 881 1055 920 satis
1083 888 1208 930 esset,
1303 891 1349 930 35

163 949 310 988 scilicet
337 956 380 987 ut
407 956 563 987 ventres
590 949 723 986 lamna
751 948 946 986 candente
974 953 1166 996 nepotum

163 1014 309 1052 diceret
336 1014 507 1051 urendos
536 1021 732 1051 correctus
762 1012 939 1050 Bestius:
968 1011 1074 1050 idem

163 1078 352 1128 quidquid
382 1085 462 1116 erat
490 1086 628 1116 nactus
657 1078 825 1127 praedae
854 1076 1023 1123 maioris,
1053 1075 1122 1114 ubi
1151 1087 1269 1113 omne

161 1151 328 1182 verterat
354 1142 395 1181 in
422 1144 573 1181 fumum
603 1151 641 1181 et
669 1143 854 1189 cinerem,
886 1145 983 1180 ‘non
1012 1141 1170 1180 hercule
1197 1139 1334 1178 miror'

163 1207 291 1246 aiebat
321 1207 369 1245 ‘si
398 1206 466 1256 qui
494 1195 853 1253 comedunt'bona‚
884 1219 973 1244 cum
1003 1205 1050 1244 sit
1080 1207 1204 1244 obeso
1233 1238 1236 1239 γ
1302 1218 1352 1251 40

163 1272 217 1310 nil
245 1271 382 1310 melius
412 1272 537 1320 turdo,
561 1271 615 1308 nil
642 1272 758 1309 volva
785 1270 987 1320 pulchrius
1015 1269 1168 1319 ampla.’

164 1336 358 1376 Nimirum
385 1336 550 1385 hic.ego
580 1348 676 1373 sum.
735 1336 839 1372 Nam
868 1341 953 1372 tuta
981 1341 1019 1372 et
1045 1333 1204 1383 parvola
1222 1333 1352 1379 laudo,

163 1415 254 1441 curn
282 1415 342 1440 res
371 1400 569 1447 deficiunt,
601 1399 694 1438 satis
724 1399 824 1438 inter
852 1399 944 1437 vilia
971 1398 1102 1437 fortis:

162 1480 296 1506 verum
322 1466 391 1504 ubi
419 1464 514 1515 quid
542 1464 681 1503 melius
710 1463 901 1514 contingit
930 1470 969 1502 et
996 1463 1164 1510 unctius,
1193 1462 1297 1501 idem

162 1544 232 1570 vos
261 1543 396 1580 sapere
425 1537 463 1568 et
491 1530 597 1567 solos
626 1529 690 1568 aio
718 1530 821 1568 bene
846 1528 985 1575 vivere,
1013 1539 1180 1576 quorum
1302 1537 1349 1575 45

163 1595 401 1645 conspicitur
428 1594 560 1632 nitidis
589 1595 754 1632 fundata
782 1593 949 1644 pecunia
976 1591 1086 1631 villis.

698 1759 810 1796 XVI.

165 1858 227 1895 Ne
255 1854 492 1907 perconteris
521 1856 665 1894 fundus
694 1868 816 1902 meus,
848 1853 996 1904 optime
1027 1850 1200 1901 Quincti,

164 1934 256 1961 arvo
284 1928 420 1972 pascat
449 1934 555 1960 erum
584 1934 635 1958 an
663 1919 772 1959 bacis
800 1920 1004 1968 opulentet
1034 1917 1171 1964 olivae,

229 2030 281 2061 32.
325 2020 465 2051 donabat
490 2019 566 2060 αβ’γ
592 2020 720 2052 OKM:
747 2018 888 2050 donarat
911 2017 974 2059 β”ε
1003 2018 1138 2048 donaret
1162 2016 1199 2047 B.
1300 2023 1350 2054 37.

164 2078 319 2105 correctus
336 2078 365 2105 s·
380 2075 436 2105 K:
466 2078 628 2116 correptus
645 2079 674 2106 ς·
688 2086 695 2105 :
725 2078 877 2105 corrector
891 2073 1003 2105 BOM.
1108 2072 1159 2111 38.
1203 2069 1359 2111 quicquid

166 2127 198 2158 ω’
214 2128 320 2160 ΟΚΜ
334 2139 342 2160 z
368 2129 399 2160 sz'
410 2130 494 2170 quid
506 2130 542 2161 B.

229 2183 404 2215 XV1.—1.
451 2183 584 2222 Quincti
596 2194 625 2215 v.
648 2184 743 2215 KM:
770 2182 889 2222 Quinti
903 2181 935 2212 ω’
952 2181 1022 2213 ΒΟ.
1156 2189 1185 2210 2.
1208 2189 1299 2210 erum
1311 2178 1355 2218 αβ

166 2237 258 2269 KM:
281 2247 304 2277 'y
319 2237 434 2269 lterum
451 2238 524 2271 ΒΟ.
590 2239 672 2270 bacis
689 2237 720 2269 ω’
737 2238 842 2271 OKM
860 2249 866 2269 :
891 2237 988 2268 baccis
1005 2236 1042 2267 B.
