1461 2448
106 146 156 184 54
331 131 573 170 HORATJ
602 129 1048 169 EPISTULARUM
1098 126 1170 180 [ΙΙ.
1196 129 1300 165 26—-

108 229 262 270 Lueulli
292 228 402 267 miles
431 229 599 267 collecta
624 226 766 266 viatica
794 225 926 265 multis

106 295 314 343 aerumnis,
344 296 468 333 lassus
499 295 593 332 dum
625 300 745 331 noctu
776 293 912 339 stertit,
942 292 993 331 ad
1023 304 1149 330 assem

106 363 352 413 perdiderat:
382 371 473 412 post
493 363 569 399 hoc
594 362 809 399 vehemens
836 361 960 410 lupus,
983 367 1021 399 et
1040 359 1115 399 sibi
1141 366 1179 399 et
1199 356 1301 397 hosti

106 429 224 466 iratus
253 427 407 477 pariter,
438 426 577 465 ieiunis
606 426 792 464 dentibus
821 438 920 472 acer,

106 491 344 541 praesidium
373 491 501 540 regale
531 491 620 528 1000
651 489 804 535 deiecit,
837 496 879 527 ut
909 487 1028 537 aiunt,
1252 501 1302 536 30

106 570 258 595 summe
286 555 439 594 munito
467 563 506 594 et
534 556 744 593 multarum
773 554 894 593 divite
921 568 1060 593 rerum.

109 623 246 660 Clarus
277 622 330 660 ob
360 620 402 659 id
433 622 579 659 factum
610 619 726 658 donis
756 626 915 658 ornatur
942 617 1130 665 honestis,

107 686 249 736 accipit
279 693 318 724 et
347 685 407 724 bis
438 686 541 723 dena
570 698 686 734 super
715 683 892 722 sestertia
921 696 1141 721 nummum.

109 753 225 790 Forte
255 752 327 789 sub
356 751 433 789 hoc
462 758 618 800 tempus
647 750 852 788 castellum
882 756 1051 788 evertere
1079 754 1234 798 praetor

108 816 241 854 nescio
271 816 378 865 quod
408 814 572 864 cupiens
601 813 746 852 hortari
774 813 907 863 coepit
937 814 1106 852 eundem
1254 822 1300 860 35

109 880 235 920 verbis
264 893 365 930 quae
394 879 533 918 timido
563 892 721 929 quoque
751 885 914 928 possent
938 878 1083 916 addere
1112 883 1303 914 mentem:

112 946 166 991 ιΙ,
197 946 314 990 1)οο0,
345 957 424 994 quo
452 944 573 982 virtus
603 951 672 982 tua
700 950 738 981 te
768 951 894 988 vocat,
924 941 938 980 i
965 943 1069 991 pede
1098 942 1238 986 fausto,

110 1008 270 1058 grandia
297 1009 444 1046 laturus
473 1007 701 1046 meritorum
731 1006 913 1056 praemia.
975 1005 1084 1053 Quid
1113 1013 1191 1042 stas
1204 1004 1230 1042 ?’

112 1076 207 1112 Post
236 1074 335 1112 haec
364 1073 428 1111 ille
458 1080 577 1120 catus,
610 1070 861 1122 quantumvis
892 1070 1068 1116 rusticus,
1103 1069 1205 1117 ‘ibit,

112 1137 183 1175 ibit
213 1150 261 1176 eo
292 1150 370 1187 quo
400 1136 456 1175 vis
486 1136 554 1186 qui
584 1149 726 1175 zonam
757 1135 940 1185 perdidit'
971 1134 1109 1184 inquit.
1257 1147 1306 1180 40

113 1205 265 1240 Romae
296 1201 430 1239 nutriri
460 1201 556 1239 mihi
585 1199 749 1249 contigit
780 1207 897 1248 atque
927 1198 1060 1237 doceri

111 1266 228 1305 iratus
258 1266 370 1305 Grais
400 1274 589 1316 quantum
618 1265 816 1304 nocuisset
845 1264 1028 1302 Achilles.

112 1332 305 1370 Adiecere
333 1331 462 1370 bonae
489 1332 622 1381 paullo
651 1331 738 1380 plus
767 1328 857 1367 artis
887 1329 1077 1374 Athenae,

114 1397 261 1434 seilicet
288 1403 332 1434 ut
359 1396 503 1434 vellem
533 1408 652 1432 curvo
681 1394 886 1432 dinoscere
914 1400 1064 1430 rectum

114 1469 232 1510 atque
260 1460 361 1499 inter
389 1460 504 1498 silvas
534 1459 725 1498 Academi
755 1471 941 1508 quaerere
969 1470 1115 1495 verum.
1259 1467 1308 1505 45

116 1528 226 1563 Dura
254 1526 325 1563 sed
354 1537 536 1563 emovere
566 1525 655 1561 1000
685 1536 748 1561 me
777 1530 957 1571 tempora
983 1529 1091 1571 grato

115 1590 316 1639 civilisque
346 1590 485 1628 rudem
516 1588 609 1627 belli
639 1587 727 1626 tulit
758 1596 888 1626 aestus
919 1586 959 1624 in
989 1599 1097 1623 arma

117 1655 294 1694 Caesaris
322 1653 490 1704 Augusti
519 1666 601 1691 non
630 1665 865 1701 responsura
893 1649 1054 1688 lacertis.

117 1721 237 1759 Unde
267 1721 380 1758 simul
409 1719 579 1768 primum
609 1731 673 1756 me
702 1717 882 1755 dimisere
912 1714 1096 1765 Philippi,

116 1784 257 1824 decisis
286 1785 472 1822 humilem
503 1782 645 1832 pennis
674 1782 916 1831 inopemque
944 1779 1098 1830 paterni
1262 1793 1310 1830 50

119 1858 155 1888 et
184 1848 271 1887 laris
300 1855 339 1886 et
367 1847 478 1885 fundi
507 1855 718 1896 paupertas
748 1845 903 1894 impulit
932 1845 1061 1883 audax

117 1920 159 1950 ut
188 1924 320 1950 versus
349 1912 542 1949 facerem:
573 1911 642 1948 sed
671 1911 779 1959 quod
809 1923 889 1947 non
918 1908 1019 1947 desit
1047 1909 1258 1946 habentem

119 1991 220 2028 quae
249 1984 434 2026 poterunt
463 1989 649 2025 umquam
679 1977 771 2014 satis
800 1988 1011 2025 expurgare
1040 1974 1203 2020 cicutae,

121 2043 159 2079 ni
191 2039 329 2079 melius
361 2039 529 2078 dormire
559 2047 696 2089 putem
727 2053 845 2088 quam
875 2038 1042 2077 scribere
1070 2040 1230 2077 versus?

119 2107 276 2155 Singula
307 2105 355 2143 de
384 2103 499 2143 nobis
529 2103 622 2142 anni
649 2105 885 2154 praedantur
913 2111 1048 2142 euntes
1059 2120 1068 2149 ;
1262 2114 1308 2154 55

270 2242 322 2270 44.
367 2229 477 2261 vellem
495 2229 607 2270 αβΟΚ
635 2241 642 2261 :
660 2229 780 2271 possim
797 2229 829 2270 'y'
853 2239 860 2260 ε
878 2234 1001 2272 possem
1018 2226 1138 2269 7'‘BM.
