1461 2448
150 135 200 171 60
393 133 636 172 HORATJ
664 131 1113 171 EPISTULARUM
1163 130 1234 184 [ΙΙ.
1260 146 1345 172 200.

151 244 250 269 nave
276 231 375 269 ferar
400 243 544 280 magna
572 243 623 268 an
652 243 781 279 parva,
809 230 909 267 ferar
936 242 1039 267 unus
1066 236 1106 268 et
1125 229 1242 268 idem.
1273 243 1348 267 200

152 297 247 334 Non
276 296 427 344 agimur
455 295 614 333 tumidis
642 296 738 333 velis
767 295 953 343 aquilone
982 296 1169 342 secundo,

152 373 234 398 non
263 367 396 398 tamen
428 360 600 398 adversis
629 367 798 398 aetatem
829 359 1011 398 ducimus
1039 359 1189 408 austris,

151 424 309 470 viribus,
341 424 510 473 ingenio,
542 424 683 472 specie,
714 424 868 470 virtute,
899 424 1001 470 loco,
1033 436 1074 462 re

153 489 312 526 extremi
342 489 568 537 primorum,
601 488 784 525 extremis
815 500 939 536 usque
970 488 1129 537 priores.

156 555 249 591 Non
268 566 309 591 es
329 566 483 591 avarus:
513 553 587 591 abi.
638 553 772 601 Quid?
795 560 924 591 cetera
942 554 1019 590 iam
1039 553 1155 591 simul
1175 554 1250 592 isto
1275 564 1347 603 205

155 631 245 655 cum
276 619 371 656 vitio
403 619 563 667 fugere?
595 618 711 656 Caret
741 619 810 656 tibi
841 625 981 667 pectus
1010 619 1116 656 inani

124 684 127 686 ’
155 681 400 720 ambitione?
428 683 545 721 Caret
575 681 711 719 mortis
739 681 948 720 formidine
977 688 1015 719 et
1043 681 1129 720 ira?

156 747 326 792 Somnia,
358 753 521 784 terrores
551 745 735 795 magicos,
767 746 964 794 miracula,
997 758 1118 795 sagas,

156 818 369 848 nocturnos
397 812 564 849 lemures
592 818 855 860 portentaque
884 811 1075 848 Thessala
1102 810 1234 849 rides?

158 874 310 914 Natalis
337 882 444 925 grate
475 876 686 913 numeras?
715 874 892 924 Ignoscis
921 874 1087 912 amicis?
1277 886 1351 911 210

159 939 304 977 Lenior
332 946 370 977 et
400 939 538 977 melior
568 939 613 976 fis
643 939 858 977 accedente
886 939 1074 976 senecta?

160 1004 267 1052 Quid
296 1012 334 1042 te
363 1011 546 1053 exempta
573 1004 675 1042 levat
704 1003 825 1053 spinis
855 1004 906 1042 de
936 1003 1112 1053 pluribus
1140 1004 1247 1040 una?

160 1070 302 1107 Vivere
330 1070 361 1106 si
389 1076 495 1107 recte
523 1068 662 1114 nescis,
693 1069 843 1106 decede
872 1068 1016 1117 peritis.

161 1135 304 1172 Lusisti
333 1135 436 1181 satis,
466 1133 582 1172 edisti
611 1134 703 1171 satis
724 1140 848 1182 ‚atque
877 1132 1033 1170 bibisti:

161 1207 316 1249 tempus
343 1198 449 1237 abire
477 1199 547 1236 tibi
579 1205 648 1244 est,
680 1211 731 1236 ne
760 1205 897 1247 potum
927 1197 1070 1246 largius
1098 1209 1224 1246 aequo
1278 1207 1350 1245 215

162 1265 284 1302 rideat
313 1272 351 1302 et
380 1264 509 1313 pulset
536 1264 681 1300 lasciva
709 1263 911 1301 decentius
939 1270 1056 1300 aetas,

444 1395 515 1416 212.
559 1385 643 1416 levat
658 1384 748 1418 §BO
777 1396 784 1417 :
809 1384 903 1416 iuvat
919 1381 1038 1414 w'KM.
