1461 2448
150 154 195 187 14
379 142 620 180 HORATI
647 141 1083 180 EPISTULARUM
1116 138 1202 192 [VI.
1230 152 1330 176 10-—

145 252 224 288 quo
244 238 408 288 cupiens
426 246 560 288 pacto:
583 252 705 288 pavor
724 245 782 277 est
801 237 1008 287 utrobique
1027 238 1226 284 molestus,
1285 251 1331 275 10

146 303 355 353 improvisa
383 303 497 341 simul
526 303 675 353 species
704 310 869 341 exterret
897 310 1114 351 utrumque.

147 370 326 408 Gaudeat
355 382 404 406 an
433 369 576 412 doleat,
606 368 737 417 cupiat
766 375 978 414 metuatne‚
1009 366 1104 416 quid
1131 367 1182 405 ad
1210 378 1302 412 rem,

147 434 189 481 si,
220 433 408 483 quicquid
435 433 532 470 vidit
559 432 696 471 melius
725 431 915 481 peiusque
942 444 1013 469 sua
1040 444 1122 479 spe,

147 498 283 537 defixis
313 497 436 536 oculis
466 496 677 546 animoque
707 503 746 534 et
774 508 939 544 corpore
968 496 1121 544 torpet?

150 561 284 600 Insani
312 560 466 610 sapiens
495 573 642 598 nomen
670 560 778 605 ferat,
807 572 956 608 aequus
984 558 1119 607 iniqui,
1287 568 1330 606 15

148 629 246 665 ultra
275 639 395 675 quam
423 625 516 663 satis
544 632 604 663 est
630 624 812 662 virtutem
842 623 874 661 si
902 629 1010 673 petat
1037 622 1171 672 ipsam.

151 693 169 730 I
200 705 316 737 nunc,
346 697 549 739 argentum
578 697 616 727 et
646 702 816 726 marmor
843 696 953 726 vetus
982 700 1150 736 aeraque
1177 694 1216 725 et
1244 686 1335 724 artis

151 755 315 805 suspice,
348 768 438 793 curn
466 754 630 803 gemmis
659 754 798 803 Tyrios
826 752 964 790 mirare
991 753 1141 790 colores
1150 766 1160 799 3

150 821 278 869 gaude
306 819 413 868 quod
441 825 620 867 spectant
648 818 750 856 oculi
779 826 818 856 te
845 817 952 855 mille
978 818 1205 866 loquentem
1213 830 1224 864 3

152 897 274 922 navus
302 896 418 921 mane
446 884 572 921 forum
601 889 640 920 et
667 882 906 931 vespertinus
935 890 1025 931 pete
1052 888 1211 927 tectum,
1288 892 1336 916 20

153 963 202 988 ne
230 951 317 999 plus
344 947 528 986 frumenti
557 946 753 986 dotalibus
783 954 926 985 emetat
954 945 1053 996 agris

154 1016 291 1051 Mutus
320 1020 359 1051 et
388 1012 620 1063 (indignum,
654 1012 763 1061 quod
791 1011 839 1049 sit
868 1010 1067 1060 peioribus
1095 1009 1216 1058 ortus)

153 1079 217 1116 hic
245 1077 315 1116 tibi
344 1077 392 1115 sit
419 1077 547 1126 potius
576 1089 694 1125 quam
722 1082 765 1113 tu
792 1074 977 1112 mirabilis
1005 1073 1070 1111 illi.

155 1142 355 1192 Quicquid
384 1144 456 1180 sub
486 1148 586 1179 terra
614 1148 683 1187 est,
715 1140 752 1178 in
784 1139 957 1190 apricum
985 1140 1153 1189 proferet
1181 1145 1300 1184 aetas,

154 1209 328 1247 defodiet
357 1207 579 1255 condetque
608 1205 781 1243 nitentia.
840 1206 941 1244 Cum
969 1205 1072 1242 bene
1100 1210 1238 1241 notum
1289 1214 1334 1252 25

154 1273 325 1323 porticus
353 1272 553 1321 Agrippae
582 1277 620 1308 et
648 1270 710 1308 via
738 1276 777 1308 te
805 1268 1053 1318 conspexerit
1081 1267 1197 1316 Appi,

155 1339 210 1377 ire
238 1345 370 1375 tamen
398 1343 515 1374 restat
544 1337 677 1372 Numa
705 1347 783 1383 quo
813 1333 969 1372 devenit
997 1340 1036 1370 et
1063 1334 1205 1370 Ancus.

156 1404 195 1442 Si
223 1404 322 1440 latus
351 1408 416 1440 aut
444 1414 557 1439 renes
586 1401 725 1437 morbo
754 1406 995 1448 temptantur
1022 1405 1150 1444 acuto,

157 1480 299 1517 quaere
328 1467 457 1515 fugam
486 1464 620 1502 morbi.
679 1464 749 1501 Vis
777 1470 881 1501 recte
909 1461 1055 1500 vivere:
1084 1460 1170 1510 quis
1189 1463 1295 1499 non?

157 1533 196 1572 Si
217 1531 335 1569 virtus
363 1532 440 1568 hoc
468 1543 546 1567 una
573 1536 704 1578 potest
733 1529 836 1574 dare,
865 1526 972 1566 fortis
1001 1525 1154 1564 omissis
1289 1538 1338 1573 30

158 1599 232 1635 hoc
261 1609 332 1645 age
361 1593 518 1633 deliciis.
575 1592 768 1630 Virtutem
796 1591 913 1629 verba
940 1598 1054 1640 putas
1084 1596 1124 1627 et

157 1663 289 1699 lucum
316 1659 438 1709 ligna:
467 1671 561 1696 cave
589 1670 640 1695 ne
668 1663 803 1705 portus
832 1663 998 1704 occupet
1026 1655 1133 1702 alter,

157 1738 208 1763 ne
238 1722 470 1774 Cibyratica,
501 1735 551 1760 ne
580 1722 747 1771 Bithyna
775 1719 933 1769 negotia
960 1720 1101 1769 perdas
1109 1732 1121 1766 3

158 1790 263 1828 mille
291 1789 439 1827 talenta
465 1786 734 1833 rotundentur,
766 1785 931 1823 totidem
960 1785 1091 1830 altera,
1120 1795 1236 1832 porro
1266 1790 1306 1820 et

158 1854 271 1892 tertia
299 1852 521 1898 succedant,
552 1857 590 1888 et
619 1862 719 1899 quae
747 1862 835 1898 pars
865 1848 1028 1898 quadrat
1056 1859 1247 1884 acervum.
1293 1858 1338 1895 35

223 2010 348 2052 VL÷1
360 2020 386 2040 1.
430 2011 566 2039 exterret
581 2018 605 2037 ω
619 2018 626 2038 :
656 2010 802 2037 externat
816 2004 997 2046 Jacobsius.
1088 2012 1136 2042 13.
1167 2003 1300 2043 peiusve
1315 2008 1344 2035 5·

161 2066 258 2098 1301<
273 2077 280 2096 ε
304 2064 457 2105 peiusque
472 2062 519 2093 M.
635 2060 683 2092 16.
721 2064 814 2101 petat
831 2063 860 2090 ς·
876 2058 1012 2089 ΒΟΚΜ
1028 2069 1035 2089 :
1057 2061 1141 2098 petet
1156 2069 1187 2087 α.
1291 2069 1341 2089 20.

160 2131 265 2152 navus
282 2124 311 2151 5*
327 2118 432 2150 OKM
448 2129 455 2148 :
480 2126 613 2156 gnavus
629 2116 665 2146 B.
759 2125 809 2146 22.
854 2114 974 2144 lllulus
988 2117 1018 2143 et
1033 2116 1063 2143 ς·
1078 2112 1213 2143 ΒΟΚΜ
1228 2124 1235 2143 :
1265 2113 1343 2143 Mu-

159 2177 235 2207 cius.
328 2184 378 2212 31.
416 2175 518 2213 putas
541 2169 572 2200 ω’
599 2170 685 2201 OK:
710 2173 804 2210 putes
828 2168 905 2198 EM.
993 2171 1023 2198 et
1044 2164 1077 2196 ω’
1101 2166 1261 2198 BOKM:
1293 2172 1337 2198 ul.

162 2241 178 2270 5
183 2240 212 2269 5.
256 2228 399 2270 quadral
413 2225 463 2266 αβ’
481 2225 585 2256 ΟΚΜ
601 2237 608 2256 :
639 2224 775 2264 quadret
789 2221 852 2262 β””γ
869 2222 905 2253 B.
