1461 2448
143 126 191 163 74
454 115 499 164 Q.
536 116 704 154 ΗΘΚΛ
715 118 778 155 TI
809 118 918 156 ΗΑ
929 118 1031 157 cc]
1189 117 1340 172 [374-

142 215 199 252 Ut
227 220 355 263 gratas
386 212 486 253 inter
514 228 672 254 mensas
701 217 936 266 symphonia
964 217 1113 257 discors

142 286 180 316 et
206 291 378 317 crassum
408 287 653 328 unguentum
684 287 722 318 et
751 281 874 318 Sardo
904 294 994 319 cum
1024 283 1141 321 melle
1170 296 1342 333 papaver

142 332 359 391 offendunt,
391 352 546 394 poterat
575 344 666 383 duci
695 345 788 395 quia
816 359 915 385 cena
944 347 1028 386 sine
1056 347 1160 386 istis:
1263 351 1339 398 376

143 411 197 449 sic
226 410 365 449 animis
396 417 533 448 natum
562 409 847 460 inventumque
875 414 1022 461 poema
1049 412 1242 460 iuvandis,

142 476 173 514 si
202 477 362 526 paulum
393 488 549 513 summo
578 475 758 523 decessit,
789 477 912 526 vergit
940 478 992 516 ad
1020 477 1154 516 imum.

142 542 298 579 Ludere
327 540 395 590 qui
424 541 558 586 nescit,
589 541 876 589 campestribus
905 541 1075 581 abstinet
1102 543 1232 590 armis,

141 606 404 654 indoctusque
433 604 536 654 pilae
566 604 715 644 discive
745 605 918 659 trochive
948 606 1125 656 quiescit,
1264 610 1340 655 380

142 684 192 708 ne
222 669 370 719 spissae
399 669 518 707 risum
548 671 686 708 tollant
716 660 880 719 impune
909 684 1103 710 coronae:
1280 674 1283 677 Ὗ

142 735 209 784 qui
237 735 362 782 nescit
391 747 525 772 versus
554 742 687 772 tamen
716 736 836 773 audet
864 736 1020 784 fingere.
1081 735 1260 784 Quidni?

93 805 97 849 ξ
144 800 260 838 Liber
288 807 327 838 et
355 800 559 849 ingenuus,
590 799 819 849 praesertim
847 812 990 837 census
1020 807 1243 849 equestrem
1266 806 1377 847 ’μ-.

143 878 336 902 summam
365 878 617 903 nummorum
645 864 820 914 vitioque
848 872 1021 902 remotus
1050 865 1100 903 ab
1130 865 1248 903 omni.
1280 886 1283 888 -
1312 882 1315 885 ·

142 933 204 968 Tu
234 930 329 968 nihil
357 929 478 968 invita
507 930 614 968 dices
643 929 810 968 faciesve
841 929 1044 978 Minerva3
1263 932 1337 979 385

141 995 183 1033 id
211 995 281 1033 tibi
310 994 498 1032 iudicium
529 1001 597 1041 est,
630 1007 677 1032 ea
705 1007 828 1032 mens.
888 993 926 1033 Si
956 994 1053 1043 quid
1081 1002 1215 1034 tamen
1245 995 1339 1033 olim

143 1058 340 1108 scripseris
368 1058 409 1096 in
440 1058 571 1111 Maeci
601 1059 818 1097 descendat
845 1058 985 1097 iudicis
1013 1072 1126 1098 aures

142 1132 180 1162 et
208 1123 327 1174 patris
356 1130 395 1161 et
422 1113 588 1169 nostras,
618 1136 849 1172 nonumque
877 1131 1076 1173 prematur
1103 1124 1141 1162 in
1178 1138 1338 1190 annum,
1356 1131 1371 1152 ὅ

142 1188 379 1244 membranis
407 1187 511 1226 intus
540 1187 704 1238 positis.
734 1189 866 1227 delere
895 1188 1029 1227 licebit

141 1242 249 1304 quod
277 1267 358 1291 non
388 1253 579 1302 edideris3
617 1253 741 1291 nescit
769 1266 847 1292 vox
875 1254 994 1292 missa
1021 1253 1168 1293 reverti.
1262 1269 1340 1304 390

142 1319 341 1357 Silvestres
370 1318 551 1357 homines
581 1331 690 1356 sacer
717 1317 987 1367 interpresque
1016 1319 1180 1356 deorum

141 1383 328 1421 caedibus
358 1390 396 1421 et
425 1382 530 1420 victu
559 1383 678 1421 foedo
708 1382 896 1421 deterruit
927 1383 1122 1432 Orpheus,

142 1449 269 1487 dictus
299 1449 351 1486 ob
379 1449 456 1485 hoc
485 1447 606 1485 lenire
636 1446 741 1497 tigris
771 1447 1009 1496 rabidosque
1038 1448 1184 1486 leones.

143 1513 283 1551 Dictus
313 1520 361 1551 et.
379 1513 593 1562 Amphion,
627 1513 843 1549 Thebanae
872 1511 1055 1549 conditor
1083 1511 1200 1559 urbis,

142 1592 234 1617 saxa
262 1591 420 1616 movere
450 1591 549 1616 sono
579 1577 786 1615 testudinis
816 1584 855 1615 et
883 1589 1000 1626 prece
1028 1577 1177 1615 blanda
1263 1590 1336 1627 395

141 1647 283 1684 ducere
312 1657 390 1694 quo
420 1645 546 1681 vellet.
606 1642 696 1680 Fuit
724 1642 823 1680 haec
851 1641 1044 1691 sapientia
1072 1644 1283 1691 quondam,

141 1711 300 1761 publica
328 1709 487 1759 privatis
518 1720 730 1754 secernere,
762 1720 871 1745 sacra
898 1706 1083 1757 profanis,

141 1775 356 1814 concubitu
385 1774 593 1824 prohibere
621 1786 733 1822 vago,
765 1774 858 1811 dare
887 1772 971 1810 iura
999 1772 1158 1820 maritis,

142 1840 292 1889 oppida
320 1838 457 1885 moliri,
489 1839 594 1887 leges
623 1837 797 1875 incidere
827 1836 958 1886 lign03

142 1906 196 1943 sic
225 1906 353 1942 honor
382 1910 420 1941 et
448 1916 594 1940 nomen
623 1901 764 1939 divinis
793 1902 946 1939 vatibus
975 1908 1093 1950 atque
1261 1915 1338 1949 400

141 1969 377 2007 carminibus
406 1967 522 2006 venit.
584 1969 678 2005 Post
707 1967 780 2004 hos
809 1964 971 2015 insignis
1002 1967 1204 2004 Homerus

140 2033 409 2083 Tyrtaeusque
439 2044 564 2075 mares
593 2030 746 2068 animos
776 2031 816 2068 in
848 2029 993 2068 Martia
1021 2031 1126 2068 bella

140 2099 315 2138 versibus
345 2097 521 2145 exacuit3
552 2096 681 2135 dictae
710 2109 780 2146 per
809 2095 981 2134 carmina
1010 2103 1132 2134 sortes
1149 2111 1159 2144 3

141 2172 180 2202 et
208 2163 310 2201 vitae
340 2169 556 2200 monstrata
582 2160 646 2199 via
674 2169 759 2207 est,
790 2168 828 2198 et
857 2159 979 2210 gratia
1008 2173 1145 2209 regum

452 2258 539 2295 2394,
585 2247 676 2279 m‘bis
689 2247 830 2288 β’γΚΜε
854 2247 940 2278 arcis
956 2247 1049 2279 aBO.
