1461 2448
413 617 462 666 Q.
503 618 724 657 HORATI
764 618 963 657 FLAccr

308 725 1067 774 EPISTULARUM

484 856 629 888 LIBER
660 856 929 890 SECUNDUS.

675 971 708 1009 Ι.

91 1055 192 1094 Cum
220 1061 280 1094 tot
308 1055 497 1094 sustineas
527 1061 565 1094 et
593 1062 701 1094 tanta
729 1056 886 1106 negotia
914 1057 1030 1104 solus,

87 1133 148 1158 res
178 1120 298 1159 Italas
326 1122 442 1159 armis
470 1121 616 1166 tuteris,
647 1121 820 1159 moribus
850 1134 975 1167 ornes,

87 1185 238 1235 legibus
267 1186 464 1233 emendes,
495 1185 535 1222 in
564 1185 722 1234 publica
749 1186 961 1223 commoda
988 1199 1162 1235 peccem,
1226 1238 1229 1239 ⁷

88 1251 119 1288 si
147 1250 267 1300 longo
299 1263 479 1289 sermone
507 1263 633 1288 morer
662 1258 727 1288 tua
756 1257 942 1300 tempora,
974 1253 1128 1291 Caesar.

87 1316 281 1353 Romulus
310 1322 348 1353 et
377 1316 494 1362 Liber
521 1322 631 1364 pater
658 1322 696 1352 et
725 1327 815 1352 cum
846 1316 1006 1353 Castore
1037 1317 1186 1362 Pollux,
1258 1327 1279 1366 5

86 1386 176 1428 post
203 1381 376 1429 ingentia
403 1381 505 1417 facta
533 1380 695 1417 deorum
725 1380 763 1416 in
792 1380 942 1428 templa
968 1380 1124 1428 recepti,

87 1443 181 1481 dum
209 1451 328 1483 terras
356 1444 639 1494 hominumque
669 1445 804 1482 colunt
832 1457 966 1493 genus,
996 1458 1132 1494 aspera
1161 1445 1263 1483 bella

86 1516 342 1557 componunt,
373 1521 486 1558 agros
515 1509 732 1557 adsignant,
765 1509 913 1557 oppida
941 1509 1131 1554 condunt,

84 1572 282 1620 ploravere
311 1572 388 1610 suis
417 1585 497 1610 non
525 1572 763 1621 respondere
791 1573 964 1610 favorem

86 1641 280 1683 speratum
309 1635 464 1672 meritis.
525 1635 660 1672 Diram
690 1635 756 1683 qui
785 1636 965 1673 contudit
994 1635 1154 1684 hydram
1233 1649 1278 1672 10

84 1705 257 1748 notaque
284 1699 389 1736 fatali
419 1705 602 1748 portenta
629 1699 764 1737 labore
793 1699 958 1748 subegit,

84 1762 275 1811 comperit
302 1763 487 1800 invidiam
516 1775 697 1812 supremo
726 1763 803 1800 fine
832 1763 994 1801 domari.

86 1826 175 1864 Urit
203 1827 308 1864 enim
337 1827 485 1876 fulgore
515 1840 586 1865 suo
615 1827 681 1876 qui
710 1834 936 1876 praegravat
965 1827 1056 1864 artis

85 1891 183 1928 infra
211 1904 252 1929 se
279 1892 453 1941 positas:
482 1892 674 1929 extinctus
704 1891 898 1929 amabitur
925 1891 1039 1929 idem.

86 1957 284 1994 Praesenti
314 1957 383 1995 tibi
412 1964 585 1994 maturos
613 1957 796 2005 largimur
824 1956 991 1993 honores
1233 1966 1274 2004 15

85 2019 344 2069 iurandasque
372 2027 483 2058 tuum
511 2033 581 2070 per
608 2033 755 2058 numen
785 2020 967 2068 ponimus
996 2032 1089 2064 aras,

85 2085 139 2122 nil
167 2085 352 2122 oriturum
380 2086 486 2131 alias,
516 2086 570 2122 nil
599 2092 726 2123 ortum
755 2085 832 2122 tale
861 2085 1036 2122 fatentes.

149 2185 256 2218 1.—6.
289 2187 385 2227 sacta
410 2187 543 2219 wOMK
574 2187 681 2227 :sala
710 2187 748 2217 B.
848 2185 896 2218 16.
945 2196 1065 2216 numen
1091 2190 1119 2217 ς’
1144 2186 1244 2217 ΒΜΚ
1269 2195 1276 2216 :

85 2251 199 2272 nomen
221 2241 295 2274 s-O.
