1461 2448
169 178 214 203 22
393 164 636 203 HORATI
663 163 1106 203 EPISTULARUM
1157 160 1223 215 [X.
1250 173 1351 212 17—

167 274 255 300 cum
283 262 405 300 semel
432 260 583 310 accepit
612 261 735 299 solem
764 260 994 298 furibundus
1022 261 1214 299 acutum?

167 328 236 364 Est
264 326 332 365 ubi
361 326 519 365 divellat
547 338 708 364 somnos
736 325 864 363 minus
892 324 1026 363 invida
1053 325 1174 362 cura?

168 391 348 430 Deterius
377 391 533 440 Libycis
563 392 642 429 olet
669 397 735 428 aut
764 389 862 428 nitet
889 390 1010 427 herba
1037 388 1206 438 lapillis?

167 455 304 494 Purior
330 456 370 494 in
399 455 493 493 vicis
521 468 625 505 aqua
653 455 780 494 tendit
807 466 987 503 rumpere
1015 454 1229 503 plumbum,
1302 465 1349 489 20

166 535 283 570 quam
303 534 402 571 quae
422 534 491 570 per
509 534 676 570 pronum
698 519 865 569 trepidat
885 532 974 557 cum
994 531 1189 557 murmure
1204 517 1350 556 rivum?

167 586 323 634 Nempe
351 584 450 623 inter
476 584 600 623 varias
628 583 792 622 nutritur
819 583 917 621 silva
944 583 1157 630 columnas,

165 649 421 697 laudaturque
449 647 591 685 domus
619 648 758 696 longos
786 659 886 696 quae
914 644 1102 695 prospicit
1130 657 1252 694 agros.

169 713 356 749 Naturam
386 712 557 760 expelles
585 711 702 756 furca,
734 718 866 748 tamen
895 721 1020 758 usque
1047 714 1214 746 recurret

168 782 206 813 et
233 775 336 812 mala
363 780 588 823 perrumpet
617 773 746 811 furtim
773 772 927 810 fastidia
953 771 1100 810 victrix.
1303 781 1347 819 25

169 840 262 877 Non
291 838 357 887 qui
385 838 548 876 Sidonio
576 837 815 876 contendere
844 836 1006 875 callidus
1035 843 1141 875 ostro

168 902 293 941 nescit
322 902 559 952 Aquinatem
587 901 763 952 potantia
791 902 933 940 vellera
960 902 1103 947 fucum,

169 966 309 1005 certius
338 965 503 1015 accipiet
531 966 720 1004 damnum
749 965 957 1015 propiusve
986 963 1167 1003 medullis

170 1045 288 1080 quam
317 1031 384 1080 qui
412 1044 493 1069 non
521 1030 664 1080 poterit
692 1043 784 1069 vero
813 1029 1049 1080 distinguere
1077 1030 1227 1067 falsum.

171 1097 300 1144 Quem
328 1108 387 1133 res
416 1096 504 1144 plus
532 1095 655 1133 nimio
683 1096 926 1133 delectavere
955 1095 1162 1142 secundae,
1303 1106 1352 1141 30

170 1167 342 1197 mutatae
370 1157 556 1207 quatient.
614 1158 749 1207 Siquid
779 1158 977 1205 mirabere,
1007 1170 1131 1207 pones

170 1222 322 1261 invitus.
383 1223 490 1271 Fuge
519 1234 685 1271 magna:
715 1222 806 1260 licet
834 1223 907 1260 sub
935 1235 1107 1272 paupere
1135 1228 1239 1260 tecto

171 1299 279 1336 reges
307 1293 346 1324 et
374 1298 508 1335 regum
536 1286 616 1323 vita
643 1299 887 1335 praecurrere
915 1285 1075 1324 amicos.

171 1353 319 1391 Cervus
349 1363 492 1399 equum
521 1363 653 1400 pugna
681 1351 817 1389 melior
845 1350 1118 1389 communibus
1145 1349 1275 1388 herbis

171 1414 352 1464 pellebat,
382 1415 512 1452 donec
540 1414 666 1451 minor
694 1414 733 1451 in
762 1413 972 1452 certamine
999 1415 1118 1464 longo
1305 1425 1350 1463 35

172 1477 390 1528 imploravit
419 1490 516 1527 opes
544 1478 713 1516 hominis
741 1480 973 1528 frenumque
1000 1478 1158 1528 recepit.

173 1544 250 1582 Sed
277 1550 487 1592 postquam
513 1542 618 1580 victo
647 1542 777 1581 ridens
806 1543 983 1582 discessit
1012 1545 1062 1581 ab
1091 1544 1216 1590 hoste,

173 1622 253 1646 non
282 1607 454 1656 equitem
484 1607 611 1655 dorso,
642 1620 722 1645 non
750 1609 902 1646 frenum
932 1608 1082 1657 depulit
1110 1620 1187 1647 ore.

173 1671 234 1710 Sic
263 1671 330 1720 qui
358 1670 584 1720 pauperiem
612 1671 755 1709 veritus
782 1671 935 1721 potiore
963 1672 1129 1711 metallis

172 1735 349 1773 libertate
378 1741 493 1781 caret,
522 1734 728 1773 dominum
756 1736 872 1774 vehet
899 1735 1087 1785 inprobus
1115 1742 1232 1786 atque
1305 1750 1354 1783 40

173 1799 312 1838 serviet
341 1806 553 1844 aeternum,
584 1798 677 1848 quia
704 1812 823 1849 parvo
851 1801 999 1839 nesciet
1027 1800 1094 1838 uti.

175 1863 249 1903 Cui
278 1875 359 1901 non
386 1862 595 1901 conveniet
623 1875 693 1901 sua
720 1877 790 1910 res,
821 1871 863 1902 ut
891 1865 1044 1903 calceus
1072 1864 1178 1912 olim,

174 1927 205 1966 si
233 1928 335 1978 pede
363 1926 485 1965 maior
513 1926 595 1974 erit,
626 1929 839 1976 subvertet,
867 1928 899 1967 si
927 1928 1064 1977 minor,
1094 1935 1190 1968 uret.

240 2079 289 2110 18.
334 2079 469 2111 divellat
480 2079 535 2121 ,8'7
551 2080 709 2113 BOMK:
739 2080 872 2121 depellat
887 2079 958 2120 αβ”.
1081 2090 1132 2120 24.
1178 2080 1308 2121 expelles
1322 2079 1358 2112 ω’
1382 2078 1385 2082 ’

175 2134 296 2165 BMK:
327 2134 462 2174 expellas
492 2134 532 2166 Ο.
636 2145 686 2175 25.
723 2135 864 2176 fastidia
896 2139 925 2166 ς’
955 2134 1112 2166 BOMK:
1131 2134 1274 2176 sastzjgz'a
1305 2139 1335 2167 ἔ
1345 2147 1354 2167 :

173 2187 306 2226 uestzgn'a
337 2191 367 2218 ς·
397 2186 590 2219 Stallbaum.
682 2196 734 2228 37.
780 2187 860 2219 victo
885 2188 993 2218 ridens
1019 2188 1079 2219 M:
1107 2188 1210 2218 victor
1237 2188 1356 2220 violens

174 2251 198 2270 ω
214 2240 301 2273 OK:
339 2241 460 2274 violens
477 2242 558 2274 victo
575 2242 612 2275 B.
708 2253 759 2283 40.
808 2242 897 2274 veltet
912 2241 944 2273 ω’
959 2242 1031 2274 ΚΜ
1047 2254 1054 2274 :
1084 2242 1171 2274 vellit
1184 2242 1256 2276 ΒΟ.
