1461 2448
88 127 91 129 ,
113 118 159 155 72
412 107 456 156 Q.
487 108 656 146 ΗΘΚΛ
666 108 732 145 Τ]
764 108 870 145 FLA
880 108 983 146 ccl
1158 105 1308 159 [317-

111 204 324 254 Respicere
353 205 553 254 exemplar
580 203 684 243 vitae
712 218 945 255 morumque
972 205 1118 244 iubebo

111 270 273 307 doctum
302 258 539 308 imitatorem
569 277 608 308 et
637 269 743 307 vivas
773 269 864 308 hinc
893 271 1036 308 ducere
1065 283 1192 308 voces.

112 334 317 372 Interdum
347 334 524 383 speciosa
552 333 648 372 locis
677 342 906 383 morataque
934 342 1038 373 recte

110 399 242 437 fabula
271 399 413 436 nullius
442 399 605 445 veneris,
637 399 721 437 sine
750 401 927 449 pondere
957 407 994 438 et
1022 407 1115 446 arte,
1231 413 1307 448 320

110 462 261 501 valdius
291 464 464 501 oblectat
493 465 684 512 populum
713 464 928 513 meliusque
958 472 1133 502 moratur

112 541 231 576 quam
259 541 391 566 versus
421 528 560 577 inopes
589 542 717 566 rerum
747 542 956 578 nugaeque
985 541 1162 567 canorae.

113 592 225 631 Grais
255 592 467 642 ingenium,
498 592 609 631 Grais
640 593 749 631 dedit
779 607 845 632 ore
873 595 1046 632 rotundo

113 669 225 694 musa
253 656 373 706 loqui,
405 665 558 706 praeter
585 658 743 696 laudem
773 658 916 696 nullius
945 658 1079 697 avaris.

115 720 286 759 Romani
314 721 425 771 pueri
454 721 579 770 longis
608 721 824 760 rationibus
853 736 980 761 assem
1234 732 1307 771 325

114 786 271 824 discunt
299 787 341 824 in
370 794 500 836 partes
529 795 690 825 centum
719 787 916 826 diducere.
977 787 1114 826 ‘Dicat

115 852 216 890 filius
246 851 403 890 Albini:
433 852 465 890 si
495 853 545 891 de
573 853 796 901 quincunce
824 861 975 892 remota
1003 861 1062 892 est

114 916 240 963 uncia,
256 916 349 966 quid
364 920 550 966 superat?
578 919 738 955 Poteras
752 918 919 956 dixisse.'
963 917 1144 956 ‘Triens.'
1201 918 1298 955 ‘Eut

115 995 198 1020 rem
227 982 374 1031 poteris
404 995 554 1020 servare
583 990 703 1020 tuam.
762 983 884 1021 Redit
912 983 1039 1030 uncia,
1070 982 1165 1033 quid
1191 984 1266 1020 fit?'

118 1047 283 1086 ‘Seruis'
338 1050 402 1084 An
422 1048 519 1086 haec
539 1047 691 1086 animos
712 1035 856 1098 aerugo
876 1056 915 1087 et
934 1062 1026 1087 cura
1045 1050 1172 1098 peculi
1234 1064 1310 1100 330

116 1126 206 1150 cum
236 1115 357 1151 semel
387 1113 578 1160 imbuerit,
611 1127 810 1163 speramus
839 1113 1011 1152 carmina
1038 1115 1130 1165 fingi

115 1190 234 1226 posse
264 1177 424 1215 linenda
453 1179 571 1216 cedro
601 1185 639 1216 et
668 1178 743 1216 levi
774 1180 965 1217 servanda
992 1184 1253 1230 cupresso?

116 1246 197 1281 Aut
225 1244 413 1292 prodesse
442 1245 581 1282 volunt
610 1251 675 1282 aut
705 1245 901 1282 delectare
929 1248 1083 1294 poetae,

116 1314 183 1344 aut
213 1307 327 1344 simul
356 1314 395 1345 et
424 1305 597 1345 iucunda
626 1314 664 1345 et
693 1307 836 1346 idonea
865 1308 995 1347 dicere
1023 1309 1136 1349 vitae.

119 1370 326 1419 Quidquid
354 1371 570 1420 praecipies
600 1380 685 1410 esto
714 1373 854 1420 brevis,
883 1380 926 1412 ut
954 1374 1033 1413 cito
1061 1375 1167 1414 dicta
1236 1388 1308 1426 335

117 1435 334 1484 percipiant
362 1435 482 1473 animi
510 1435 658 1474 dociles
688 1444 926 1487 teneantque
955 1440 1090 1478 fideles
1105 1455 1115 1487 3

117 1512 236 1537 omne
265 1512 549 1549 supervacuum
579 1502 699 1550 pleno
728 1502 779 1540 de
807 1510 965 1551 pectore
994 1511 1137 1543 manat.

118 1557 229 1615 Ficta
256 1565 470 1615 voluptatis
500 1578 619 1604 causa
647 1566 724 1604 sint
752 1566 929 1616 proxima
957 1569 1066 1616 veris,

118 1644 192 1669 nec
221 1630 487 1679 quodcunque
515 1631 609 1669 velit
637 1640 776 1680 poscat
805 1632 879 1670 sibi
908 1633 1039 1671 fabula
1067 1632 1183 1679 credi,

119 1709 195 1734 neu
214 1708 378 1745 pransae
400 1695 561 1734 Lamiae
580 1696 712 1737 vivum
715 1710 898 1752 puerum
920 1698 1094 1736 extrahat
1114 1700 1212 1754 alvo.
1236 1712 1313 1757 340

120 1760 329 1800 Centuriae
358 1760 553 1798 seniorum
581 1748 731 1811 'agitant
760 1762 933 1812 expertia
960 1763 1088 1812 frugis,
1126 1786 1139 1801 μ
1190 1771 1197 1776 “

119 1825 232 1863 celsi
229 1832 489 1874 praetereunt
519 1833 673 1864 austera
701 1828 887 1876 poemata
916 1828 1114 1866 Ramnes:

120 1902 238 1928 omne
268 1889 355 1928 tulit
383 1897 574 1939 punctum
605 1890 672 1940 qui
701 1890 855 1929 miscuit
883 1891 977 1929 utile
1006 1892 1124 1938 dulci,

185 2001 256 2042 326.
305 2002 394 2036 dicat
410 2003 558 2034 wOKM:
583 2004 670 2034 dicas
687 2005 724 2034 B.
871 2007 944 2045 328.
989 2007 1147 2047 superat?
1162 2008 1314 2040 wOKM:

118 2062 244 2098 superet
258 2058 297 2089 B.
423 2062 552 2098 poteras
568 2057 775 2099 a'ssyOKM:
796 2064 926 2101 poterat
942 2058 1018 2091 d‘B.
1155 2073 1228 2104 330.
1272 2073 1316 2095 an

121 2113 171 2143 Bl.
191 2117 253 2143 vet.
272 2113 369 2144 Bern.
390 2112 476 2144 EM}
494 2118 529 2143 at
545 2113 653 2145 s-OK.
873 2124 945 2156 335.
991 2116 1148 2159 quicquid
1161 2117 1315 2150 ω’ΒΚΜε

119 2166 281 2206 quidquid
294 2166 336 2197 O.
469 2176 541 2208 339.
595 2177 634 2198 ne
649 2167 815 2206 ayssKM:
842 2178 898 2199 nec
912 2168 980 2209 βΟ.
1121 2170 1202 2201 velit
1215 2172 1314 2211 αβΜ;

120 2220 200 2251 volet
214 2219 347 2259 7130K.
