1461 2448
167 145 214 169 10
392 135 632 174 HORATJ
658 137 1104 177 EPISTULARUM
1155 137 1228 192 [11.
1250 142 1355 192 69—-

168 233 258 281 Quo
288 234 408 272 semel
437 241 495 272 est
523 234 676 273 imbuta
703 248 840 274 recens
871 235 1039 275 servabit
1067 237 1230 276 odorem

166 305 266 336 testa
294 297 371 336 diu.
431 299 586 346 Quodsi
614 312 743 338 cessas
772 307 839 338 aut
868 308 1047 339 strenuus
1075 302 1212 349 anteiS‚
1304 314 1352 353 70

166 376 238 402 nec
268 364 421 402 tardum
451 364 634 413 opperior
663 378 736 403 nec
765 365 1090 415 praecedentibus
1124 366 1236 406 insto.

719 549 796 586 ΙΙΙ.

168 634 243 671 Iuli
273 635 396 681 Flore,
428 633 569 684 quibus
599 642 786 673 terrarum
815 635 954 676 militet
983 637 1058 677 oris

167 699 352 738 Claudius
382 699 547 749 Augusti
575 700 783 750 privignus,
813 701 911 740 scire
938 703 1084 742 laboro.

165 764 370 802 Thracane
398 777 467 802 vos
498 765 735 814 Hebrusque
764 765 883 804 nivali
911 769 1105 817 compede
1134 766 1297 815 vinctus,

166 842 215 867 an
244 830 341 867 freta
367 828 514 868 vicinas
543 829 644 868 inter
671 831 866 869 currentia
893 838 1029 880 turres,

164 907 215 931 an
243 893 407 943 pingues
436 893 554 932 Asiae
583 893 713 943 campi
741 896 938 944 collesque
968 899 1196 936 morantur?
1329 909 1349 947 5

166 958 273 1006 Quid
286 959 460 996 studiosa
472 960 611 997 cohors
625 972 787 1008 operum
800 960 939 998 struit?
968 962 1061 999 Hoc
1074 974 1231 1010 quoque
1245 974 1349 1000 curo.

166 1022 262 1072 Quis
291 1023 364 1061 sibi
391 1036 452 1061 res
480 1030 607 1072 gestas
636 1024 801 1073 Augusti
829 1024 997 1063 scribere
1025 1026 1171 1064 sumit?

165 1088 273 1125 Bella
301 1087 387 1136 quis
417 1094 455 1125 et
482 1100 598 1136 paces
628 1089 790 1138 longum
819 1088 1003 1128 diffundit
1031 1090 1072 1128 in
1099 1092 1268 1130 aevum?

166 1151 272 1200 Quid
300 1151 438 1199 Titius,
469 1154 654 1191 Romana
680 1153 788 1191 brevi
815 1160 1002 1192 venturus
1031 1153 1072 1191 in
1101 1156 1198 1193 ora?

165 1216 361 1256 Pindarici
388 1217 506 1256 fontis
536 1217 602 1267 qui
630 1231 711 1256 non
740 1218 925 1267 expalluit
953 1220 1125 1267 haustus,
1306 1234 1352 1258 10

164 1282 333 1321 fastidire
361 1284 467 1320 lacus
497 1290 535 1321 et
562 1282 664 1321 rivos
692 1296 810 1321 ausus
838 1291 1004 1332 apertos.

165 1350 222 1387 Ut
249 1348 380 1385 valet?
437 1348 494 1385 Ut
522 1346 700 1385 meminit
730 1347 880 1386 nostri?
935 1347 1150 1401 Fidibusne
1179 1347 1328 1387 Latinis

164 1414 375 1451 Thebanos
404 1419 537 1461 aptare
564 1412 706 1450 modos
735 1413 867 1450 studet
895 1412 1052 1462 auspice
1082 1414 1212 1459 Musa,

164 1491 214 1516 an
243 1477 388 1527 tragica
415 1476 588 1515 desaevit
617 1483 654 1514 et
683 1477 916 1525 ampullatur
943 1476 983 1514 in
1012 1479 1122 1515 arte?

166 1541 273 1591 Quid
312 1541 406 1579 mihi
443 1542 580 1580 Celsus
619 1540 729 1590 agit?
775 1539 946 1578 monitus
987 1541 1234 1591 multumque
1272 1555 1352 1580 mo-

271 1608 438 1653 nendus,
1305 1619 1348 1656 15

164 1672 333 1723 privatas
361 1680 402 1710 ut
432 1677 592 1720 quaerat
621 1683 716 1720 opes
745 1677 784 1708 et
813 1677 970 1720 tangere
998 1670 1092 1710 vitet

165 1738 307 1787 scripta
337 1736 534 1774 Palatinus
564 1748 835 1785 quaecumque
863 1735 1011 1785 recepit
1039 1736 1195 1786 Apollo,

165 1816 225 1849 ne,
257 1801 288 1839 si
315 1803 413 1839 forte
442 1813 531 1838 suas
560 1799 769 1849 repetitum
797 1799 946 1837 venerit
975 1799 1068 1838 olim

164 1880 256 1916 grex
283 1866 412 1904 avium
440 1866 604 1914 plumas,
635 1871 792 1902 moveat
821 1863 1018 1901 cornicula
1045 1863 1164 1901 risum

164 1931 312 1969 furtivis
340 1930 487 1968 nudata
516 1927 722 1966 coloribus.
782 1929 874 1976 Ipse
903 1926 999 1976 quid
1028 1928 1180 1966 audes?
1304 1942 1351 1966 20

167 1997 278 2043 Quae
307 1993 592 2032 circumvolitas
621 1991 729 2041 agilis
758 1992 921 2041 thyma?
969 1993 1063 2030 Non
1091 1991 1162 2029 tibi
1190 2004 1352 2040 parvum

165 2049 376 2109 ingenium,
405 2071 486 2096 non
515 2057 706 2095 incultum
736 2062 793 2094 est
822 2063 861 2093 et
889 2054 1050 2104 turpiter
1077 2055 1239 2094 hirtum:

228 2164 371 2201 111.—4.
419 2167 524 2195 turres
554 2165 584 2193 5·
613 2160 740 2194 OKM:
771 2163 875 2190 terras
905 2158 976 2190 VB.
1123 2168 1174 2190 22.
1221 2163 1249 2190 et
1278 2159 1353 2200 ass‘y'

166 2218 324 2250 BOKM:
354 2228 410 2248 nec
424 2214 475 2257 7⁶.
