1461 2448
127 123 176 171 56
361 120 525 158 ΗΘΚΛ
536 120 601 157 TI
629 118 1069 157 EPISTULARUM
1121 115 1194 169 [11.
1217 118 1321 164 84—-

124 217 354 265 plerumque
384 223 422 253 et
450 215 529 253 risu
558 216 751 264 populum
781 213 924 263 quatit:
954 213 1019 251 hic
1047 226 1120 263 ego
1149 226 1276 252 rerum

126 279 305 318 fluctibus
334 280 374 317 in
404 279 543 317 mediis
573 287 612 317 et
640 278 940 328 tempestatibus
968 278 1074 317 urbis
1271 280 1318 327 85

125 347 242 384 verba
269 346 371 394 lyrae
402 352 556 382 motura
583 357 725 382 sonum
755 351 963 382 conectere
993 343 1159 393 digner?

128 411 147 454 ’ἰ-
164 412 296 448 Frater
324 418 405 448 erat
435 412 590 448 Romae
619 409 788 448 consulti
816 411 958 456 rhetor,
988 417 1030 448 ut
1059 411 1156 448 alter

126 475 282 513 alterius
311 488 492 513 sermone
521 488 650 514 meros
680 475 831 513 audiret
858 475 1039 522 honores,

127 541 326 578 Gracchus
354 547 396 577 ut
425 540 487 578 hic
516 540 581 587 illi,
611 541 710 578 foret
739 539 831 577 huic
859 547 902 578 ut
933 540 1091 578 Mucius
1120 540 1195 578 ille.

129 606 205 652 Qui
235 604 362 642 minus
391 611 548 654 argutos
576 612 690 642 vexat
720 606 825 642 furor
852 603 925 642 iste
954 605 1123 653 poetas?
1274 617 1323 653 90

130 668 314 708 Carmina
343 682 555 717 compono,
585 669 650 707 hie
680 670 822 718 elegos,
882 669 1066 707 Mirabile
1095 670 1180 707 visu

128 735 398 782 caelatumque
427 747 571 772 novem
602 733 729 771 Musis
761 736 884 783 opus!
942 733 1115 783 Adspice
1143 732 1310 783 primum

128 805 276 846 quanto
306 810 394 834 cum
424 798 535 845 fastu,
567 805 717 847 quanto
747 797 950 836 molimine
981 797 1127 835 circum

129 870 351 911 spectemus
379 876 544 900 vacuam
575 862 768 900 Romanis
798 863 951 901 vatibus
980 863 1146 901 aedem:

129 940 220 965 mox
243 926 370 973 etiam,
400 927 431 965 si
457 928 555 965 forte
582 941 708 973 vacas,
738 941 900 976 sequere
920 935 959 966 et
978 928 1114 976 procul
1137 926 1241 974 audi,
1274 939 1320 977 95

129 992 223 1041 quid
251 993 347 1030 ferat
375 999 414 1030 et
443 1005 521 1041 qua
548 1005 589 1030 re
618 992 692 1031 sibi
721 1000 852 1030 nectat
880 999 1043 1041 uterque
1072 1005 1269 1030 coronam.

130 1055 342 1095 Caedimur
370 1062 408 1093 et
437 1055 604 1093 totidem
633 1055 756 1104 plagis
787 1055 1054 1093 consumimus
1083 1055 1239 1094 hostem

129 1121 237 1157 lento
267 1119 459 1157 Samnites
489 1121 541 1157 ad
569 1120 718 1157 lumina
746 1119 871 1169 prima
900 1121 1043 1158 duello.

131 1185 304 1223 Discedo
334 1186 502 1223 Alcaeus
532 1192 681 1234 puncto
710 1185 836 1233 illius3
865 1184 929 1223 ille
958 1197 1048 1223 meo
1078 1184 1195 1234 quis?

132 1250 230 1299 Quis
259 1249 333 1288 nisi
354 1250 650 1289 Callimachus?
679 1251 719 1289 Si
749 1251 839 1300 plus
858 1251 1075 1299 adposcere
1095 1250 1212 1296 visus,
1253 1264 1325 1287 100

130 1317 171 1353 fit
201 1315 464 1353 Mimnermus
493 1323 532 1354 et
561 1315 697 1364 optivo
726 1315 964 1364 cognomine
993 1314 1141 1353 crescit.

132 1383 260 1420 Multa
286 1382 379 1427 fero,
410 1389 452 1418 ut
481 1382 634 1430 placem
664 1395 787 1431 genus
817 1380 999 1419 irritabile
1026 1388 1172 1426 vatum,

132 1460 221 1484 cum
250 1446 378 1484 scribo
408 1453 446 1484 et
475 1447 641 1495 supplex
669 1446 805 1495 populi
834 1445 1014 1494 suffragia
1041 1452 1185 1494 capto:

131 1512 236 1550 idem
256 1511 383 1549 ¹finitis
412 1511 550 1549 studiis
579 1518 617 1549 et
647 1519 779 1549 mente
808 1518 966 1560 recepta

132 1576 310 1613 obturem
339 1576 490 1624 patulas
519 1574 667 1624 inpune
696 1574 915 1623 legentibus
944 1571 1056 1612 auris,
1253 1584 1323 1622 105

134 1640 329 1678 Ridentur
357 1641 459 1677 mala
487 1639 553 1688 qui
582 1646 828 1688 componunt
856 1637 1051 1686 carmina3
1080 1650 1214 1675 verum

132 1704 304 1753 gaudent
333 1703 545 1741 scribentes
576 1710 614 1740 et
643 1716 684 1740 se
711 1710 945 1740 venerantur
974 1709 1012 1739 et
1041 1702 1154 1748 ultro,

134 1770 164 1807 si
193 1777 334 1815 taceas,
365 1769 527 1806 laudant
556 1767 743 1817 quicquid
774 1767 960 1816 scripsere
989 1766 1105 1804 beati.

134 1836 185 1872 At
216 1833 283 1883 qui
312 1832 529 1881 legitimum
560 1831 693 1881 cupiet
725 1831 862 1869 fecisse
891 1843 1046 1880 poema,

134 1911 223 1935 cum
252 1896 394 1935 tabulis
422 1896 597 1934 animum
627 1895 798 1933 censoris
828 1902 954 1932 sumet
981 1892 1162 1940 honesti3
1255 1908 1328 1932 110

134 1960 295 1999 audebit
322 1973 597 2010 quaecumque
625 1973 762 2009 parum
793 1957 1011 2008 splendoris
1039 1958 1243 1996 habebunt

136 2033 172 2062 et
201 2025 490 2074 sine'pondere
520 2032 632 2063 erunt
662 2032 698 2063 et
728 2025 877 2062 honore
907 2022 1068 2071 indigna
1095 2023 1267 2061 serentur

136 2090 252 2127 verba
282 2102 439 2128 movere
466 2090 567 2136 loco,
598 2088 777 2138 quamvis
806 2087 928 2126 invita
956 2087 1142 2125 recedant

372 2225 423 2264 89.
471 2223 647 2255 lutz'c...z'lle
664 2222 800 2254 BOMK
827 2234 834 2254 :
858 2221 910 2253 hic
925 2221 978 2253 illi
993 2232 1026 2253 ω.
