1461 2448
147 139 192 175 18
352 136 594 176 HORATJ
622 136 1066 207 EPISTULARUM
1092 134 1202 191 [VII.
1223 137 1327 184 46—-

143 240 328 276 Strenuus
357 243 395 275 et
423 234 530 274 fortis
560 233 764 284 causisque
794 207 997 287 PQppus
1025 208 1185 284 agendis

142 302 278 346 clarus,
308 301 358 338 ab
388 299 522 338 officiis
552 306 730 336 octavam
759 297 909 336 circiter
936 299 1071 336 horam

142 365 237 403 dum
266 364 365 402 redit
394 371 512 412 atque
540 363 624 400 foro
652 361 815 399 nimium
844 360 986 399 distare
1015 361 1174 400 Carinas
1216 361 1260 400 ἢκ

142 428 219 466 iam
248 426 404 477 grandis
433 433 527 464 natu
556 425 736 475 queritur,
767 417 985 474 conspexit,
1013 431 1057 462 ut
1084 423 1202 472 aiunt,

143 492 323 543 adrasum
352 491 550 539 quendam
579 502 702 526 vacua
729 487 898 526 tonsoris
925 487 966 526 in
993 488 1130 526 umbra
1283 500 1331 537 50

145 556 302 593 cultello
331 553 506 604 proprios
536 560 764 603 purgantem
793 552 932 591 leniter
957 552 1107 602 unguis.

148 618 368 657 ‘Demetri'
402 619 514 669 <puer
542 617 606 654 hic
635 630 716 668 nqn
734 618 853 669 ,laeve
881 617 985 655 iussa
1014 616 1183 666 Philippi

146 682 393 732 accipiebat),
427 682 522 730 ‘abi,
554 695 695 731 quaere
724 689 763 719 et
791 682 900 728 refer,
928 681 1032 719 unde
1060 682 1192 728 domo,
1217 679 1314 731 quis,

146 746 255 784 cuius
283 747 472 792 fortunae,
503 758 581 794 quo
611 745 659 783 sit
688 752 795 794 patre
825 758 953 794 quove
982 747 1174 794 patrono!

147 812 196 856 It,
225 810 324 848 redit
354 817 392 848 et
420 817 558 855 narrat,
589 808 790 847 Volteium
820 808 979 848 nomine
1010 811 1184 856 Menam,
1286 820 1332 858 55

146 889 396 926 praeconem,
427 875 534 913 tenui
562 887 694 920 censu,
725 874 808 912 sine
837 873 1008 920 crimine,
1038 880 1177 912 notum

149 947 187 978 et
215 951 420 990 properare
449 940 538 976 loco
568 946 606 976 et
635 951 785 976 cessare
815 945 853 975 et
881 950 1063 986 quaerere
1094 944 1132 975 et
1160 937 1226 985 uti,

147 1004 383 1054 gaudentem
413 1001 618 1051 parvisque
647 1001 845 1039 sodalibus
874 1008 912 1039 et
940 1002 1019 1039 lare
1048 1009 1154 1040 certo

149 1075 187 1106 et
215 1068 317 1105 ludis
346 1074 384 1105 et
413 1074 502 1116 post
531 1066 664 1115 dec-isa
692 1065 850 1114 negotia
878 1078 1031 1115 campo.

155 1132 311 1171 ‘Scitari
339 1132 434 1169 libet
462 1144 510 1169 ex
537 1131 624 1180 ipso
653 1132 932 1180 quodcumque
959 1132 1100 1169 refers:
1133 1129 1198 1169 dic
1288 1133 1336 1168 60

150 1199 199 1236 ad
227 1211 366 1236 cenam
395 1196 549 1235 veniat.'
611 1197 703 1234 Non
733 1209 827 1234 sane
856 1196 1013 1234 credere
1043 1197 1175 1243 Mena,

150 1262 278 1301 mirari
307 1275 441 1300 secum
470 1260 621 1299 tacitus.
680 1261 785 1310 Quid
814 1262 966 1299 multa?
1021 1260 1239 1310 ‘Benigne’

150 1327 371 1376 respondet.
415 1327 561 1375 ‘Neget
588 1325 652 1363 ille
679 1325 814 1363 mihi?'
841 1327 988 1374 ‘Negat
1012 1324 1212 1374 improbus
1239 1331 1278 1363 et
1302 1332 1341 1362 te

152 1391 320 1441 neglegit
348 1398 414 1428 aut
442 1391 595 1428 horret.'
651 1389 849 1428 Volteium
878 1403 995 1428 mane
1024 1389 1228 1440 Philippus

151 1456 242 1494 vilia
269 1457 506 1494 vendentem
536 1454 708 1493 tunicato
738 1463 865 1493 scruta
893 1455 1052 1504 popello
1291 1456 1338 1504 65

153 1527 320 1570 occupat
349 1528 387 1557 et
416 1520 561 1558 salvere
590 1519 697 1557 iubet
725 1518 839 1568 prior.
899 1519 971 1557 Ille
1001 1517 1186 1567 Philippo

153 1597 338 1623 excusare
366 1585 539 1622 laborem
569 1590 607 1622 et
635 1583 900 1622 mercennaria
927 1582 1065 1629 vincla,

154 1650 260 1698 quod
286 1661 367 1686 non
394 1661 510 1686 mane
536 1648 699 1686 domum
725 1647 907 1694 venisset,
932 1646 1102 1696 denique
1129 1646 1237 1696 quod
1262 1659 1342 1685 non

154 1712 387 1761 providisset
416 1724 515 1750 eum.
575 1711 661 1750 ‘Sic
688 1710 883 1760 ignovisse
911 1718 1049 1760 putato

155 1790 219 1815 me
239 1775 321 1823 tibi,
339 1776 369 1813 si
390 1789 506 1814 cenas
525 1775 644 1814 hodie
664 1776 844 1814 mecum.'
885 1775 961 1813 ‘Ut
980 1774 1100 1812 libet)
1139 1774 1260 1822 ‘Ergo
1296 1784 1344 1822 70

156 1848 246 1891 post
274 1853 421 1878 nonam
450 1839 607 1878 venies:
640 1853 746 1877 nunc
775 1840 799 1886 i,
829 1853 910 1878 rem
940 1847 1117 1877 strenuus
1145 1840 1269 1888 auge.'

158 1906 216 1943 Ut
243 1911 403 1942 ventum
433 1904 483 1941 ad
511 1916 649 1941 cenam
679 1911 747 1952 est,
774 1903 942 1942 dicenda
970 1903 1138 1941 tacenda
1164 1903 1318 1940 locutus

224 2075 275 2106 50.
321 2067 476 2097 adrasum
494 2065 547 2098 w':
570 2067 733 2097 abrasum.
825 2074 878 2106 51.
918 2069 1115 2107 purgantem
1132 2063 1186 2097 w':
1209 2075 1345 2096 resecan-

159 2126 221 2152 tem
239 2121 380 2152 Mavort.
501 2120 552 2160 56.
599 2126 710 2151 notum
728 2119 760 2151 ω’
771 2132 778 2151 :
808 2125 925 2151 natum
943 2121 980 2151 B.
1098 2121 1150 2158 58.
1195 2123 1276 2150 certo
1293 2120 1345 2149 ω’;

160 2180 249 2206 curto
265 2175 303 2205 B.
391 2174 443 2215 63.
483 2179 571 2216 neget
584 2174 641 2214 β”γ
659 2175 792 2206 ΒΟΚΜ
808 2187 816 2206 2
846 2179 940 2216 negat
955 2172 1025 2215 ‘²15⁰-
1117 2172 1168 2214 67.
1214 2183 1345 2204 mercen-

160 2230 262 2262 naria
280 2229 310 2260 ω’
327 2230 399 2261 KM
413 2242 422 2262 ε
453 2231 652 2261 mercenaria
669 2230 740 2261 ΒΟ.
