1461 2448
128 126 232 180 194]
413 128 502 166 DE
536 127 703 165 ARTE
738 127 1013 166 POETJCA.
1271 129 1319 176 67

121 226 295 267 sublimis
324 227 570 276 cupidusque
599 233 638 264 et
666 232 796 264 amata
823 224 1042 275 relinquere
1071 224 1220 274 pernix.
1247 226 1317 275 165

123 291 335 332 Conversis
364 291 504 331 studiis
532 299 640 330 aetas
668 290 902 340 animusque
930 289 1048 328 virilis

122 356 271 408 quaerit
300 369 396 406 opes
426 364 464 395 et
493 356 694 402 amicitias,
725 355 884 394 inservit
912 354 1065 410 honori,

119 421 365 460 commisisse
394 429 506 459 cavet
535 421 643 469 quod
671 433 764 458 mox
793 427 945 458 mutare
974 420 1138 458 laboret.

121 487 252 524 Multa
280 499 416 524 senem
445 485 758 523 circumveniunt
787 484 1050 531 incommoda,
1081 485 1142 523 vel
1171 484 1280 533 quod

121 551 272 602 quaerit
301 559 340 590 et
368 550 538 589 inventis
567 550 684 588 miser
712 550 883 588 abstinet
912 563 957 588 ac
986 549 1098 588 timet
1127 549 1195 595 uti,
1247 561 1320 598 170

119 618 183 656 vel
212 618 320 667 quod
348 629 409 655 res
439 629 578 654 omnes
609 616 745 654 timide
773 615 980 665 gelideque
1008 615 1213 663 ministrat,

119 682 284 733 dilato:⁴
305 695 374 732 spe
402 682 552 731 longus,
584 681 698 728 iners,
729 681 949 730 avidusque
977 680 1105 727 futuri,

120 745 301 793 difficilis,
331 747 527 795 querulus,
560 746 740 784 laudator
768 746 956 795 temporis
985 745 1062 784 acti

120 826 162 851 se
195 825 328 862 puero,
359 811 570 861 castigator
597 824 815 860 censorque
844 811 1050 849 minorum.

122 880 251 917 Multa
279 879 407 916 ferunt
435 877 529 915 anni
556 877 761 915 venientes
791 878 1003 916 commoda
1032 890 1178 925 secum,
1246 886 1316 926 175

121 945 245 982 multa
272 944 505 982 recedentes
534 943 742 990 adimunt3
780 956 831 980 ne
860 944 960 980 forte
989 941 1132 981 seniles

121 1010 357 1047 mandentur
385 1007 517 1046 iuveni
544 1016 675 1057 partes
704 1020 907 1062 pueroque
934 1007 1073 1045 viriles

121 1062 284 1124 Semper
312 1073 352 1111 in
381 1070 578 1111 adiunctis
608 1086 787 1122 aevoque
816 1071 1054 1111 morabimur
1082 1071 1191 1122 aptis

120 1141 203 1177 Aut
231 1137 354 1188 agitur
382 1151 442 1176 res
470 1138 511 1175 in
540 1137 692 1176 scaenis
721 1144 788 1175 aut
817 1146 905 1175 acta
933 1138 1103 1176 refertur.

122 1203 287 1254 Segnius
314 1203 463 1241 irritant
491 1202 643 1241 animos
673 1203 843 1241 demissa
873 1216 942 1252 per
969 1215 1115 1249 aurem,
1231 1203 1320 1238 ¹180

124 1283 243 1320 quam
273 1282 373 1319 quae
402 1276 494 1307 sunt
522 1268 644 1307 oculis
674 1268 851 1307 subiecta
881 1268 1075 1315 fidelibus,
1107 1274 1145 1305 et
1175 1280 1279 1317 quae

123 1337 207 1386 ipse
236 1335 309 1374 sibi
338 1334 462 1373 tradit·
483 1341 706 1384 spectator:
749 1347 830 1372 non
859 1341 992 1372 tamen
1020 1332 1125 1371 intus

125 1399 244 1450 digna
272 1398 352 1448 geri
381 1411 539 1448 promes
568 1398 608 1436 in
638 1411 834 1444 scaenam,
866 1400 1070 1447 multaque
1101 1399 1215 1436 tolles

124 1478 173 1503 ex
201 1463 325 1503 oculis
353 1477 455 1514 quae
483 1477 577 1502 mox
605 1471 734 1502 narret
762 1463 946 1502 facundia
974 1476 1172 1513 praesens,

123 1543 175 1569 ne
212 1542 355 1579 pueros
384 1542 516 1567 coram
545 1530 696 1579 populo
727 1530 876 1567 Medea
903 1528 1082 1576 trucidet,
1165 1549 1175 1551 *
1248 1530 1319 1578 185

123 1602 190 1633 aut
217 1595 391 1632 humana
417 1595 548 1652 Qlam
577 1601 722 1644 coquat
749 1602 837 1633 exta
866 1594 1033 1633 nefarius
1061 1597 1215 1641 Atreus,

123 1666 191 1697 aut
218 1658 261 1697 in
287 1671 400 1696 avem
430 1659 582 1697 Procne
610 1666 789 1706 vertatur,
821 1659 998 1699 Cadmus
1027 1659 1067 1697 in
1095 1673 1285 1719 anguem>

126 1723 406 1773 Quodcunque
434 1722 612 1761 ostendis
640 1723 735 1761 mihi
765 1723 820 1762 sic
848 1723 1073 1762 incredulus
1103 1725 1182 1763 odi.

126 1789 239 1826 Neve
266 1787 396 1825 minor
424 1800 501 1825 neu
530 1787 579 1825 sit
607 1787 745 1836 quinto
774 1789 1002 1837 productior
1029 1796 1119 1827 actu

126 1855 271 1900 fabula,
302 1866 404 1903 quae
431 1853 543 1903 posci
572 1855 654 1891 vult
683 1860 722 1892 et
751 1856 968 1903 spectanda
995 1854 1133 1904 reponi
1146 1869 1158 1902 3
1251 1867 1323 1904 190

126 1931 203 1957 nec
231 1919 327 1956 deus
355 1917 506 1956 intersit
535 1917 611 1956 nisi
639 1918 780 1975 digdnus
809 1917 967 1981 vQ
996 1919 1124 1957 nodus
1344 1917 1345 1921 ’

127 1983 307 2022 inciderit
323 1997 333 2031 3
377 1996 452 2021 nec
480 1990 618 2033 quarta
647 1983 755 2032 loqui
783 1996 953 2033 persona
981 1984 1142 2022 laboret.

127 2048 282 2088 Actoris
310 2047 429 2098 partis
457 2049 598 2087 chorus
627 2048 882 2098 officiumque
910 2048 1018 2087 virile

128 2112 338 2171 defendat,
357 2125 435 2151 neu
464 2112 560 2162 quid
587 2113 740 2151 medios
769 2112 978 2169 intercinat
1007 2120 1118 2152 actus

143 2170 160 2200 .<.
197 2196 270 2252 152.
288 2192 291 2197 Ι
313 2197 366 2252 spe
380 2210 519 2252 longus..
530 2210 718 2251 avidusque
734 2209 888 2242 wOKM:
910 2215 964 2251 spe
978 2209 1329 2252 lentus...pavidusque

129 2265 169 2298 B.
304 2273 375 2306 190.
421 2265 589 2306 spectanda
606 2264 703 2304 αβΚτ
726 2269 865 2306 spectata
881 2264 1018 2304 7BOM.

64 2336 81 2353 ,Ι
114 2334 150 2349 νή
211 2336 215 2343 ¹
262 2333 266 2337 ¹
293 2334 312 2352 ·,
316 2337 359 2372 *f
376 2333 393 2345 ι’
453 2339 486 2352 s.
505 2340 533 2351 2„
559 2342 567 2348 .—
706 2324 860 2358 ‘WLLJA
885 2344 929 2353 ..w
1026 2341 1036 2343 μ
1081 2333 1086 2337 ¹
1106 2328 1231 2373 5—’.2

75 2380 238 2413 ¹(JL.{.-;*>1
312 2376 314 2378 '
353 2386 431 2410 ,016
473 2385 505 2405 Ἀ,
