1461 2448
178 141 226 166 20
387 127 629 168 HORATI
656 127 1103 166 EPISTULARUM
1128 123 1262 179 [VIII.
1287 125 1361 162 1—-

709 301 826 338 VIII.

177 399 292 438 Celso
321 398 490 448 gaudere
519 403 557 436 et
584 397 686 435 bene
714 410 795 435 rem
824 409 955 446 gerere
982 397 1234 438 Albinovano

177 467 296 503 Musa
322 470 456 513 rogata
482 464 590 509 refer,
621 461 755 500 comiti
784 462 1012 513 scribaeque
1042 464 1221 503 Neronis.

175 530 214 568 Si
239 536 398 579 quaeret
423 527 517 578 quid
537 540 660 577 agam,
683 526 746 565 dic
766 528 887 565 multa
907 534 945 565 et
967 528 1130 577 pulchra
1148 528 1362 567 minantem

174 592 302 631 vivere
331 604 405 629 nec
432 598 537 629 recte
565 603 638 628 nec
667 589 855 628 suaviter:
888 591 994 628 haud
1023 590 1115 640 quia
1140 592 1291 641 grando

175 656 398 696 contuderit
425 656 511 694 vitis
540 657 746 705 oleamque
775 655 1028 694 momorderit
1056 664 1196 703 aestus,
1338 668 1359 706 5

174 735 249 760 nec
277 721 370 771 quia
397 719 619 770 longinquis
647 727 866 758 armentum
893 728 1067 770 aegrotet
1095 720 1135 758 in
1163 720 1261 771 agris
1276 733 1287 767 3

176 788 246 825 sed
275 786 366 836 quia
394 793 525 824 mente
554 784 682 822 minus
710 783 860 822 validus
888 797 1006 834 quam
1034 797 1197 834 corpore
1224 792 1309 823 toto

175 851 230 888 nil
258 850 390 888 audire
417 849 545 896 velim,
576 848 630 886 nil
659 848 818 896 discere,
851 849 957 898 quod
986 849 1088 887 levet
1115 862 1273 899 aegrum
1287 863 1299 897 3

175 914 263 952 fidis
293 914 470 952 offendar
498 912 671 960 medicis,
702 911 843 950 irascar
871 912 1018 959 amicis,

176 992 244 1017 cur
271 991 335 1016 me
364 979 519 1015 funesto
548 984 758 1026 properent
786 990 914 1015 arcere
943 983 1104 1015 veterno
1118 991 1129 1025 3
1315 992 1360 1015 10

177 1054 276 1091 quae
305 1053 474 1079 nocuere
504 1053 651 1089 sequar,
682 1039 828 1090 fugiam
858 1054 958 1090 quae
986 1043 1142 1091 profore
1177 1042 1333 1080 credam
1349 1056 1360 1089 3

177 1107 332 1143 Romae
360 1104 484 1142 Tibur
512 1117 641 1141 amem
669 1111 867 1151 ventosus,
896 1104 1041 1143 Tibure
1071 1107 1252 1143 Romam.

178 1170 272 1208 Post
301 1169 409 1215 haec,
440 1175 482 1206 ut
510 1169 648 1214 valeat,
679 1180 758 1217 quo
787 1175 903 1217 pacto
931 1181 1013 1206 rem
1040 1176 1147 1218 gerat
1176 1175 1214 1207 et
1242 1172 1294 1215 s'e,

175 1240 218 1271 ut
246 1234 398 1282 placeat
426 1230 556 1270 iuveni
585 1239 816 1281 percontare
845 1239 966 1281 utque
994 1231 1157 1271 cohorti.

178 1298 217 1337 Si
246 1298 349 1336 dicet
379 1300 527 1344 ‘recte',
558 1297 727 1346 primum
756 1297 938 1347 gaudere,
969 1296 1136 1335 subinde
1315 1309 1359 1347 15

176 1369 429 1412 praeceptum
457 1361 636 1399 auriculis
664 1362 742 1400 hoc
769 1361 952 1400 instillare
981 1369 1192 1407 memento,

181 1432 244 1465 ‘ut
272 1434 314 1465 tu
343 1427 549 1474 fortunam,
579 1426 635 1464 sic
663 1438 735 1464 nos
765 1432 814 1474 te,
847 1426 972 1473 Celse‚
1002 1426 1193 1464 feremus!

709 1635 849 1673 VIIII.
898 1589 912 1642 1

179 1731 398 1782 Septimius,
431 1730 582 1778 Claudi,
613 1730 795 1769 nimirum
824 1730 1011 1782 intellegit
1038 1744 1150 1778 unus,

179 1795 315 1845 quanti
343 1808 406 1833 me
434 1796 564 1834 facias.
623 1797 727 1833 Nam
756 1809 845 1833 cum
874 1802 984 1845 rogat
1014 1802 1051 1833 et
1079 1807 1196 1844 prece
1225 1794 1328 1845 cogit

179 1860 325 1899 scilicet
353 1868 396 1899 ut
424 1859 494 1898 tibi
524 1873 564 1899 se
594 1861 752 1899 laudare
780 1868 819 1899 et
847 1861 999 1899 tradere
1027 1873 1157 1908 coner,

179 1926 340 1976 dignum
368 1933 501 1963 mente
530 1925 731 1973 domoque
760 1924 924 1975 legentis
952 1925 1120 1963 honesta
1148 1923 1343 1973 Neroni53

241 2050 420 2093 V111.—3.
465 2057 596 2094 quaeret
613 2057 643 2085 5·
658 2054 794 2086 BOMK
809 2066 817 2086 z
847 2054 973 2095 quaerit
990 2058 1027 2086 ε’.
1131 2062 1160 2094 5.
1205 2054 1364 2096 oleamque

179 2106 210 2137 ω’
228 2107 356 2139 OMK:
385 2109 523 2139 oleamve
538 2108 575 2139 Β.
712 2118 760 2140 12.
807 2114 953 2141 ventosus
970 2113 1000 2141 ς·
1016 2108 1174 2142 BOMKz
1205 2114 1364 2142 venturus

179 2166 242 2193 vet.
261 2161 312 2192 Bl.
446 2173 495 2202 14.
534 2167 725 2203 percontare
739 2162 781 2194 ω’.

242 2216 384 2248 IX.—1.
431 2217 586 2258 intellegit
601 2216 644 2248 ω’.
