1461 2448
76 143 143 181 IV.
169 139 222 194 9.]
543 142 730 179 LIBER
755 141 790 179 L
1217 153 1258 177 11

75 253 144 279 seu
171 240 344 290 linguam
373 239 500 278 causis
529 239 647 287 acuis,
678 252 746 277 seu
775 237 896 277 civica
924 237 1006 276 iura

75 306 314 354 respondere
340 317 463 354 paras,
495 316 563 342 seu
591 303 730 342 condis
758 303 926 341 amabile
955 314 1124 347 carmen,

75 369 199 419 prima
227 371 325 408 seres
354 370 521 407 hederae
550 367 716 406 victricis
744 367 928 416 praemia.
989 365 1143 414 Quodsi
1215 378 1259 415 25

75 433 213 483 frigida
240 446 416 471 curarum
446 434 622 471 fomenta
649 431 866 480 relinquere
896 443 1043 480 posseS,

75 510 154 546 quo
182 504 221 536 te
249 496 426 535 caelestis
454 495 646 546 sapientia
674 497 844 543 duceret,
874 495 959 533 ires.

76 563 170 601 Hoc
197 575 308 611 opus,
339 563 415 600 hoc
444 561 616 599 studium
645 560 753 611 parvi
780 572 1035 610 properemus
1063 566 1102 598 et
1130 559 1261 609 ampli,

75 626 107 665 si
134 627 280 676 patriae
309 628 501 674 volumus,
531 626 563 664 si
592 626 706 664 nobis
734 625 861 664 vivere
890 624 976 663 cari.

76 693 210 731 Debes
238 693 316 730 hoc
343 691 461 730 etiam
489 691 709 737 rescribere,
739 690 787 728 sit
817 689 887 728 tibi
915 703 1029 728 curae
1213 703 1263 738 30

75 764 244 806 quantae
273 756 481 795 conveniat
511 756 724 794 Munatius.
781 757 846 793 An
875 756 977 792 male
1005 762 1106 793 sarta

74 821 196 871 gratia
223 820 464 870 nequiquam
493 820 571 858 coit
600 827 639 858 et
666 819 908 865 rescinditur,
939 833 985 857 ac
1013 833 1083 858 vos

75 898 144 923 seu
173 885 322 923 calidus
351 884 507 934 sanguis
536 898 604 923 seu
633 897 759 922 rerum
787 883 942 922 inscitia
969 891 1084 922 vexat

74 947 267 987 indomita
294 947 443 986 cervice
472 949 600 987 feros?
639 947 894 997 Ubicumque
923 948 1099 986 locorum

74 1012 212 1060 vivitis,
242 1011 392 1062 indigni
420 1014 631 1051 fraternum
660 1025 838 1061 rumpere
868 1013 1017 1057 foedus,

75 1077 245 1127 pascitur
273 1077 314 1115 in
342 1085 511 1116 vestrum
540 1077 707 1116 reditum
737 1077 867 1116 votiva.
895 1077 1072 1116 iuvenca.

1215 1026 1235 1061 (ω

1243 1025 1262 1061 Q]

634 1252 715 1321 IVff
767 1280 770 1300 ²

75 1381 178 1429 Albi,
208 1389 429 1421 nostrorum
461 1395 685 1420 sermonum
715 1381 882 1420 candide
912 1379 1041 1427 iudex,

76 1447 170 1497 quid
198 1461 304 1485 nunc
332 1455 371 1486 te
399 1447 528 1485 dicam
557 1447 684 1485 facere
712 1445 753 1484 in
781 1446 940 1496 regione
970 1446 1158 1484 Pedana?

75 1511 249 1550 Scribere
277 1511 384 1560 quod
415 1511 526 1567 Cassi
555 1510 776 1549 Parmensis
805 1511 1013 1562 opuscula
1022 1509 1164 1557 vincat,
1215 1533 1217 1535 ν

74 1589 125 1614 an
153 1575 316 1614 tacitum
345 1575 458 1614 silvas
488 1568 587 1614 inter
615 1583 767 1625 reptare
796 1575 970 1622 salubris,
996 1612 998 1615 ,
1053 1596 1055 1599 ·
1094 1562 1144 1584 ‘²'
1206 1567 1208 1571 ’

75 1648 276 1679 curantem
304 1640 491 1690 quicquid
518 1640 680 1689 dignum
708 1638 883 1688 sapiente
910 1641 1096 1688 bonoque
1123 1639 1211 1676 est?
1241 1652 1259 1687 5

0 1696 70 1774 Ad.
75 1707 169 1744 Non
199 1713 240 1744 tu
269 1718 412 1754 corpus
441 1718 525 1743 eras
554 1704 637 1742 sine
665 1712 847 1753 pectore:
881 1703 922 1742 di
950 1703 1020 1742 tibi
1049 1705 1226 1748 sormam,

75 1770 116 1809 di
144 1770 214 1809 tibi
242 1770 395 1808 divitias
425 1770 619 1808 dederunt
652 1776 855 1818 artemque
883 1768 1048 1806 fruendi.

76 1835 183 1884 Quid
210 1842 350 1873 voveat
378 1834 483 1873 dulci
512 1833 705 1883 QUI&
733 1833 856 1871 maius
885 1834 1058 1880 alumno,

75 1900 142 1949 qui
170 1912 305 1949 sapere
335 1906 373 1938 et
400 1898 469 1936 fari
497 1898 620 1948 possit
649 1911 750 1947 quae
779 1897 932 1944 sentiat,
963 1905 1001 1935 et
1022 1896 1085 1934 cui

141 2020 193 2051 30.
236 2007 446 2040 sitw'KM:
475 2008 592 2041 sino.
685 2018 736 2049 32.
782 2008 1006 2039 aes-RKM:
1036 2007 1126 2039 ato.
1211 1994 1261 2047 33)

73 2075 226 2097 seu—seu
241 2063 377 2095 BOKM
393 2074 399 2094 :
431 2063 600 2094 heu—heu
618 2067 658 2094 ε’.

142 2117 281 2157 IV.—5.
326 2117 463 2157 bonoque
479 2115 570 2156 αβὙ’;
602 2116 781 2157 bonumque
793 2115 842 2156 7''.
944 2114 975 2147 6.
1021 2126 1092 2146 eras
1108 2127 1142 2146 ω.
1233 2125 1249 2155 7

74 2171 230 2202 dederunt
245 2181 289 2210 αγ
305 2170 440 2202 ΒΟΚΜ
456 2181 463 2201 :
487 2170 639 2202 dederant
652 2172 685 2211 β,
774 2179 804 2211 9.
845 2170 903 2211 qui
917 2168 969 2208 a'y
986 2169 1121 2201 BOKM
1136 2180 1144 2200 ε
1166 2178 1262 2209 quam

76 2225 124 2258 α”.
