1461 2448
152 123 308 161 XVIII.
335 121 412 174 19.]
441 124 555 161 ΜΒ.
585 124 621 161 J.
660 124 845 162 EPJSJI
875 125 1042 162 XVJJL
1293 138 1338 176 35

150 231 268 267 saepe
295 216 564 267 periscelidem
593 225 743 267 raptam
772 217 847 256 sibi
875 218 1015 268 flentis,
1047 219 1104 258 uti
1131 233 1224 259 mox

151 284 259 321 nulla
285 283 384 321 fides
411 281 566 321 damnis
593 282 773 332 verisque
803 282 1003 321 doloribus
1032 283 1144 322 adsit.

151 349 238 387 Nec
266 349 389 386 semel
416 347 557 386 inrisus
586 347 706 385 triviis
735 349 912 386 attollere
942 355 1056 387 curat

150 414 273 451 fracto
302 425 412 452 crure
441 414 614 463 planum.
672 412 784 451 Licet
813 413 868 450 illi
897 412 1062 465 plurima
1091 423 1224 453 manet

150 478 319 526 lacrima,
349 491 420 528 per
447 486 628 516 sanctum
657 478 802 516 iuratus
832 478 937 517 dicat
967 479 1111 517 Osirim
1292 482 1341 518 60

152 542 326 590 ‘credite,
358 556 440 580 non
469 543 581 581 ludo:
610 543 799 589 crudeles,
831 543 955 582 tollite
984 545 1207 584 claudum:'

153 608 313 657 ‘quaere
341 607 606 657 peregrinum'
635 607 777 646 vicinia
805 621 920 647 rauca
947 609 1144 648 reclamat.

667 824 826 862 XVIII.

150 918 190 957 Si
219 919 321 957 bene
349 925 388 957 te
417 917 520 965 novi,
551 925 715 964 metueS,
746 917 939 956 liberrime
968 916 1082 966 Lolli,

150 983 356 1023 scurrantis
385 983 560 1034 speciem
589 984 787 1033 praebere,
818 985 1014 1033 professus
1043 982 1223 1022 amicum.

150 1051 208 1089 Ut
236 1058 415 1088 matrona
442 1048 636 1087 meretrici
666 1048 796 1098 dispar
823 1049 895 1088 erit
922 1056 1040 1098 atque

150 1113 329 1160 discolor,
359 1113 486 1157 infido,
511 1126 664 1151 scurrae
692 1112 852 1151 distabit
881 1113 1038 1151 amicus.

151 1180 222 1216 Est
249 1177 342 1216 huic
370 1177 567 1216 diversum
595 1177 688 1215 vitio
718 1176 856 1214 vitium
884 1190 1007 1227 prope
1035 1176 1171 1224 maius,
1321 1188 1341 1227 5

150 1243 338 1293 asperitas
367 1242 525 1293 agrestis
554 1249 593 1281 et
621 1241 859 1280 inconcinna
885 1240 1102 1291 gravisque,
1229 1239 1231 1241 ’

150 1322 251 1359 quae
280 1322 320 1347 se
349 1309 603 1362 commendat
631 1315 745 1345 tonsa
773 1314 874 1352 cute,
904 1306 1086 1345 dentibus
1115 1306 1216 1352 atris,

150 1374 245 1412 dum
273 1374 356 1411 volt
383 1372 540 1411 libertas
569 1372 647 1411 dici
676 1385 783 1410 mera
810 1385 980 1421 veraque
1008 1371 1137 1410 virtus.

149 1436 280 1475 Virtus
311 1444 368 1475 est
396 1436 573 1475 medium
600 1436 783 1474 vitiorum
812 1444 853 1474 et
881 1436 1078 1486 utrimque
1107 1437 1322 1474 reductum.

148 1504 259 1541 Alter
286 1503 326 1540 in
355 1502 590 1551 obsequium
619 1503 707 1551 plus
736 1515 867 1551 aequo
896 1515 1054 1551 pronus,
1085 1510 1124 1540 et
1152 1501 1220 1540 imi
1298 1516 1344 1539 10

149 1566 298 1606 derisor
325 1566 427 1612 lecti,
458 1567 513 1605 sic
541 1574 680 1604 nutum
709 1566 839 1605 divitis
868 1567 1009 1613 horret,

150 1630 205 1669 sic
233 1631 345 1669 iterat
372 1644 491 1669 voces
520 1638 558 1669 et
587 1631 705 1669 verba
733 1630 916 1669 cadentia
944 1631 1057 1678 tollit,

150 1703 193 1735 ut
221 1709 387 1746 puerum
416 1709 532 1734 saevo
562 1697 697 1734 credas
727 1696 873 1734 dictata
901 1695 1087 1745 magistro

149 1760 312 1799 reddere
340 1761 403 1798 vel
431 1759 551 1810 partis
580 1759 747 1798 mimum
776 1767 942 1799 tractare
971 1760 1188 1799 secundas:

149 1826 246 1864 alter
272 1824 415 1864 rixatur
442 1825 491 1863 de
519 1826 610 1863 lana
638 1838 754 1874 saepe
784 1825 954 1874 caprina,
1298 1837 1340 1874 15

150 1896 374 1940 propugnat
402 1889 513 1939 nugis
543 1897 737 1927 armatus:
772 1890 942 1928 ‘scilicet
970 1897 1013 1928 ut
1040 1903 1122 1928 non

151 1953 200 1992 sit
227 1952 322 1991 mihi
349 1953 475 2003 prima
503 1955 600 1992 fides
630 1961 669 1992 et
696 1967 786 1992 vere
815 1955 923 2003 quod
954 1954 1081 2003 placet
1109 1960 1151 1990 ut
1181 1965 1266 1995 non·

151 2017 287 2056 acriter
315 2019 504 2057 elatrem?
538 2018 705 2067 pretium
734 2026 840 2056 aetas
869 2020 989 2056 altera
1017 2018 1170 2056 sordet.'

151 2081 372 2131 Ambigitur
398 2082 493 2131 quid
519 2082 653 2121 enim?
683 2084 824 2121 Castor
846 2084 941 2121 sciat
961 2096 1011 2120 an
1036 2082 1186 2120 Docilis
1208 2084 1314 2131 plus;

218 2172 455 2212 XVIII.—15.
501 2173 640 2204 rixatur
655 2185 678 2203 ω
694 2174 812 2204 BOM:
838 2175 966 2204 rixator
983 2176 1090 2207 Muret
1108 2176 1150 2206 K.
1193 2178 1338 2218 caprina,

154 2232 182 2259 et
196 2229 233 2258 B.
326 2237 374 2268 19.
419 2228 544 2259 Docilis
560 2240 583 2258 ω
599 2228 679 2259 ΒΚ;
703 2229 856 2260 Dolichos
873 2230 954 2261 OM.

1129 2334 1148 2344 υ
