1461 2448
124 145 174 192 36
283 142 527 182 HORATI
544 143 990 181 EPISTULARUM
1014 141 1188 195 [XVIII.
1210 157 1313 181 20—

125 240 373 279 Brundisium
406 239 558 279 Minuci
587 240 725 278 melius
752 239 815 278 via
842 241 961 279 ducat
989 253 1039 278 an
1070 241 1184 291 Appi.
1265 254 1313 278 20

125 307 254 354 Quem
283 307 475 344 damnosa
502 308 649 352 Venus,
681 319 798 355 quem
829 318 1018 355 praeceps
1047 307 1131 343 alea
1161 306 1294 349 nudat,

122 369 242 419 gloria
273 384 390 419 quem
421 383 539 420 supra
566 369 665 408 vires
697 378 734 408 et
761 370 877 408 vestit
906 376 945 408 et
973 369 1120 420 unguit,

123 449 242 485 quem
271 443 378 474 tenet
407 434 555 484 argenti
584 435 664 473 sitis
694 435 918 484 importuna
945 435 1156 484 famesque,

124 515 241 551 quem
269 500 510 550 paupertatis
539 500 667 549 pudor
695 507 733 538 et
760 501 861 550 fuga,
892 499 999 538 dives
1027 500 1188 546 amicus,

124 578 241 614 saepe
270 565 409 603 decem
437 564 538 601 vitiis
568 564 799 610 instructior,
830 564 913 602 odit
942 571 980 603 et
1008 565 1148 612 horret,
1266 575 1312 610 25

124 638 202 677 aut,
233 630 263 667 si
292 643 372 667 non
402 629 497 675 odit,
527 629 624 678 regit
653 642 699 666 ac
726 628 847 667 veluti
875 628 941 678 pia
969 637 1093 667 mater

123 696 210 744 plus
239 707 357 743 quam
388 707 428 731 se
458 707 593 742 sapere
623 701 662 732 et
689 692 894 731 virtutibus
924 707 1009 731 esse
1037 693 1205 742 priorem

124 760 204 797 volt
234 766 272 796 et
301 757 353 795 ait
383 770 508 806 prope
537 771 649 795 vera:
686 761 818 797 ‘meae
850 758 1105 809 (contendere
1134 757 1231 808 noli)

125 822 325 861 stultitiam
356 822 556 871 patiuntur
583 836 702 872 opes:
736 823 807 861 tibi
835 824 995 873 parvola
1022 836 1081 861 res
1111 830 1177 862 est.

125 889 221 925 Arta
248 888 529 934 decet-sanum
559 887 743 925 comitem
775 895 884 937 toga:
916 887 1050 935 desine
1079 901 1232 925 mecum
1267 900 1316 936 30

125 952 295 992 certare.'
351 953 583 1001 Eutrapelus
613 952 850 1001 cuicumque
879 965 1020 990 nocere
1048 953 1216 998 volebat,

124 1016 357 1056 vestimenta
385 1017 504 1054 dabat
532 1016 725 1065 pretiosa:
761 1018 920 1055 ‘beatus
949 1016 1053 1054 enim
1082 1016 1158 1054 iam

126 1094 216 1120 cum
244 1080 413 1131 pulchris
442 1080 583 1118 tunicis
613 1088 740 1119 sumet
768 1094 872 1119 nova
899 1080 1063 1119 consilia
1091 1087 1130 1119 et
1159 1093 1260 1130 spes,

126 1146 293 1184 dormiet
323 1147 362 1183 in
391 1147 530 1192 lucem,
561 1154 690 1184 scorto
718 1154 933 1196 postponet
961 1147 1171 1184 honestum

127 1210 309 1257 officium,
341 1223 524 1248 nummos
552 1211 701 1249 alienos
730 1219 875 1261 pascet,
906 1211 957 1249 ad
986 1211 1107 1249 imum
1267 1222 1314 1261 35

126 1275 283 1312 Thraex
312 1274 382 1312 erit
410 1282 476 1312 aut
505 1274 681 1312 holitoris
709 1283 797 1325 aget
826 1277 1007 1314 mercede
1036 1277 1253 1314 caballum.'

127 1341 326 1376 Arcanum
356 1352 485 1387 neque
513 1346 555 1376 tu
584 1340 814 1378 scrutaberis
843 1340 944 1378 illius
973 1353 1173 1390 umquam,

127 1403 460 1452 commissumque
489 1411 596 1453 teges
625 1413 662 1442 et
692 1404 783 1443 vino
813 1413 936 1443 tortus
967 1412 1004 1443 et
1032 1405 1094 1444 ira.

128 1469 215 1506 Nec
243 1476 311 1506 tua
338 1467 516 1506 laudabis
545 1468 674 1506 studia
701 1477 767 1507 aut
796 1470 923 1508 aliena
951 1471 1175 1519 reprendes,

127 1546 214 1581 nee,
244 1546 336 1571 cum
363 1534 495 1571 venari
524 1535 627 1572 volet
656 1534 731 1579 ille,
763 1542 947 1583 poemata
976 1548 1134 1585 panges.
1268 1549 1319 1582 40

128 1597 262 1637 Gratia
290 1597 346 1635 sic
373 1598 530 1634 fratrum
559 1597 803 1647 geminorum
831 1599 1065 1648 Amphionis
1095 1606 1213 1648 atque

128 1663 239 1702 Zethi
268 1662 443 1708 dissiluit,
475 1664 603 1700 donec
624 1671 806 1712 suspecta
834 1677 968 1702 severo

128 1728 318 1768 conticuit
345 1729 434 1777 lyra.
494 1727 687 1765 Fraternis
717 1726 878 1765 cessisse
906 1735 1063 1777 putatur

129 1793 301 1831 moribus
331 1790 554 1840 Amphion:
589 1799 631 1828 tu
661 1792 758 1829 cede
786 1792 957 1841 potentis
986 1791 1102 1830 amici

129 1858 284 1896 lenibus
312 1855 493 1906 imperiis,
525 1855 784 1904 quotiensque
813 1857 956 1894 educet
984 1855 1023 1893 in
1053 1870 1164 1906 agros
1268 1869 1317 1904 45

129 1922 280 1961 Aetolis
308 1929 467 1960 onerata
495 1920 617 1970 plagis
646 1920 820 1958 iumenta
847 1933 1052 1969 canesque,

131 2002 241 2039 surge
270 1996 309 2026 et
336 1987 574 2024 inhumanae
604 1985 754 2023 senium
784 1986 941 2034 depone
973 1987 1183 2032 Camenae,

196 2123 244 2165 36.
300 2124 431 2155 Thraex
449 2128 477 2154 ς’
493 2123 582 2153 KM:
621 2122 735 2153 Thrax
752 2119 783 2151 ω’
800 2120 850 2152 O:
881 2120 988 2151 lerex
1005 2120 1040 2150 B.
1132 2127 1182 2158 37.
1229 2118 1319 2148 illius

130 2178 162 2218 ’γ’
193 2180 349 2211 BOKM:
381 2178 483 2209 ullius
513 2175 608 2218 αβγ”.
697 2175 750 2216 46.
796 2175 917 2206 Aetolis
948 2173 979 2205 ω’
1011 2174 1166 2206 ΒΟΚΜ;
1198 2175 1322 2204 Acolz'z's

132 2235 236 2266 Mein.
