1461 2448
77 152 125 187 28
313 150 557 190 HORATJ
584 152 1022 192 EPISTULARUM
1060 151 1162 206 [XV.
1190 167 1264 191 1—

662 327 749 364 XV.

75 421 187 469 Quae
216 419 264 459 sit
292 419 446 470 hiemps
474 420 623 467 Veliae,
645 421 754 469 quod
782 421 946 468 caelum,
967 420 1078 467 Vala,
1100 420 1260 466 Salerni,

72 498 237 534 quorum
258 486 463 524 hominum
483 485 589 535 regio
616 492 654 524 et
680 484 803 535 qualis
823 485 885 524 via
906 484 1015 537 (narn
1035 486 1131 525 mihi
1150 486 1263 525 Baias

73 552 191 589 Musa
219 563 476 600 supervacuas
505 549 714 596 Antonius,
745 557 783 588 et
813 557 946 588 tamen
974 550 1049 589 illis

72 628 136 653 me
164 615 256 653 facit
282 615 462 661 invisum,
492 615 622 664 gelida
649 628 741 652 cum
769 616 926 664 perluor
952 616 1061 654 unda

70 692 142 728 per
169 679 345 729 medium
373 680 499 729 frigus
559 680 661 718 Sane
690 686 857 717 murteta
884 679 1054 727 relinqui
1241 691 1260 729 5

71 743 254 792 dictaque
282 752 503 782 cessantem
532 743 660 781 nervis
689 743 835 781 elidere
864 744 1048 781 morbum

69 808 229 857 sulpura
256 808 457 846 contemni
485 808 593 846 vicus
621 808 753 857 gemit,
785 807 939 846 invidus
969 807 1092 857 aegris

70 873 137 922 qui
165 881 283 923 caput
311 881 349 912 et
378 874 627 912 stomachum
663 886 885 923 supponere
912 873 1086 912 fontibus
1115 874 1263 912 audent

70 938 239 977 Clusinis
269 938 497 989 Gabiosque
526 946 664 988 petunt
694 946 732 976 et
760 936 897 987 frigida
923 951 1020 976 rura.

70 1005 288 1042 Mutandus
317 1005 428 1042 locus
457 1011 516 1042 est
546 1011 583 1042 et
612 1002 834 1041 deversoria
861 1010 956 1041 nota
1216 1017 1261 1040 10

68 1069 398 1118 praeteragendus
447 1081 581 1118 equus.
659 1069 773 1117 ‘Quo
819 1067 980 1105 tendis?
1031 1068 1124 1106 Non
1166 1067 1262 1105 mihi

175 1134 324 1172 Cumas

68 1204 127 1236 est
154 1196 226 1235 iter
253 1205 320 1236 aut
350 1197 477 1235 Baias'
507 1198 618 1235 laeva
647 1196 920 1235 stomachosus
948 1196 1106 1235 habena

68 1261 171 1300 dicet
200 1275 345 1311 eques:
375 1263 444 1300 sed
474 1261 585 1310 equis
613 1262 764 1299 frenato
794 1267 853 1298 est
881 1259 983 1298 auris
1012 1259 1053 1298 in
1082 1261 1183 1310 ore);

68 1325 191 1363 maior
218 1332 348 1364 utrum
377 1326 569 1375 populum
597 1324 782 1363 frumenti
810 1323 926 1374 copia
953 1332 1087 1374 pascat
1100 1338 1112 1372 3

68 1391 306 1429 collectosne
335 1390 472 1428 bibant
501 1388 634 1428 imbris
663 1396 856 1438 puteosne
883 1388 1065 1438 perennis
1215 1401 1258 1439 15

66 1453 164 1504 iugis
192 1467 319 1503 aquae
349 1453 458 1504 (narn
480 1452 577 1491 vina
606 1452 702 1490 nihil
731 1466 863 1491 moror
890 1452 992 1491 illius
1022 1466 1122 1492 orae.

68 1519 175 1557 Rure
203 1531 293 1557 meo
322 1531 481 1568 possum
510 1517 664 1566 quidvis
694 1518 864 1566 perferre
891 1517 1076 1567 patique:

66 1583 117 1621 ad
146 1595 251 1620 mare
279 1594 371 1619 cum
400 1580 498 1630 veni,
532 1594 766 1631 generosum
795 1589 834 1619 et
862 1582 951 1619 lene
978 1580 1145 1630 requiro,

67 1647 176 1696 quod
204 1659 315 1684 curas
343 1646 484 1696 abigat,
515 1646 622 1695 quod
651 1659 738 1683 cum
769 1658 839 1694 spe
869 1644 990 1683 divite
1018 1653 1153 1683 manet

65 1711 106 1748 in
126 1724 244 1749 venas
263 1704 518 1760 animumque
538 1723 683 1758 meum,
706 1711 811 1759 quod
833 1711 952 1747 verba
971 1709 1172 1756 ministret,
1212 1724 1258 1747 20

66 1777 173 1825 quod
202 1788 265 1814 me
295 1777 477 1814 Lucanae
506 1775 688 1813 iuvenem
717 1775 971 1813 commendet
999 1773 1165 1824 amicae)
1175 1789 1185 1823 3

65 1848 209 1878 tractus
237 1846 322 1878 uter
350 1839 470 1889 pluris
499 1840 664 1888 lepores,
695 1847 780 1877 uter
809 1840 952 1877 educet
981 1851 1120 1887 apros3

66 1912 152 1942 utra
180 1903 302 1953 magis
331 1902 448 1953 piscis
478 1896 516 1941 et
546 1903 707 1941 echinos
737 1916 908 1952 aequora
935 1905 1075 1950 celent,

65 1968 218 2019 pinguis
247 1975 289 2006 ut
317 1967 409 2005 inde
439 1968 601 2005 domum
630 1966 777 2016 possim
808 1968 1045 2017 Phaeaxque
1075 1967 1225 2015 reverti,

130 2086 288 2118 XV.—-1.
332 2085 452 2127 hiemps
482 2084 514 2116 ω’
544 2086 581 2116 Μ
597 2098 605 2117 ;
635 2085 734 2117 hiems
765 2085 872 2118 BOK.
965 2093 994 2126 5.
1041 2089 1183 2116 murteta
1213 2084 1257 2116 ω’.

67 2147 97 2180 7.
141 2140 281 2180 sulpura
297 2140 370 2171 KM
387 2151 394 2172 :
426 2140 587 2181 sulphura
604 2140 633 2172 O
649 2151 657 2172 z
687 2140 817 2180 sulfura
835 2140 873 2171 B.
982 2149 1032 2171 10.
1076 2139 1259 2171 deversoria

67 2199 97 2226 ς·
112 2195 248 2227 ΒΟΚΜ
264 2205 272 2225 z
300 2195 490 2225 diversoria.
582 2205 631 2235 13.
676 2195 763 2236 equis
781 2194 845 2225 ΒΜ
862 2205 869 2225 :
900 2193 975 2235 equi
988 2192 1020 2224 ω’
1037 2193 1115 2226 OK.
1208 2191 1257 2224 16.

66 2250 154 2290 iugis
171 2249 247 2290 αβ’γ
265 2249 400 2281 BOKM
415 2261 422 2281 :
452 2249 554 2280 dulcis
567 2248 619 2291 β”.
1125 2269 1128 2271 -
