1461 2448
102 136 151 174 70
410 126 453 174 Q.
486 126 730 164 HORATJ
759 125 982 164 FLACCJ
1155 123 1307 177 [256—

102 225 301 274 spondeos
331 223 480 262 stabilis
509 223 548 262 in
578 224 661 262 iura
689 231 853 274 paterna
880 223 1026 274 recepit

102 289 335 327 commodus
366 295 403 327 et
432 288 599 338 patiens,
630 301 710 326 non
741 296 783 327 ut
813 289 862 327 de
893 289 987 327 sede
1016 289 1193 327 secunda

103 355 261 393 cederet
290 361 358 392 aut
387 362 525 403 quarta
553 353 756 392 socialiter.
818 353 900 392 Hic
927 360 967 392 et
995 353 1036 391 in
1064 353 1162 391 Acci

104 419 303 458 nobilibus
331 417 512 456 trimetris
541 425 704 467 apparet
732 431 849 464 rarus,
881 424 920 456 et
950 417 1055 456 Enni

104 484 144 522 in
174 496 357 521 scaenam
386 483 527 520 missos
558 495 647 520 cum
678 495 823 531 magno
852 483 1029 532 pondere
1057 495 1191 520 versus
1230 483 1305 520 260

104 556 171 588 aut
199 562 344 599 operae
373 547 508 586 celeris
538 547 704 585 nimium
734 561 905 599 curaque
935 547 1103 586 carentis

105 622 173 653 aut
201 615 401 664 ignoratae
431 613 573 663 premit
602 613 693 651 artis
723 613 886 667 cri—mine
915 613 1028 662 turpi.

108 681 202 718 Non
231 679 357 728 quivis
387 679 494 716 videt
523 678 782 716 immodulata
810 681 995 727 poemata
1023 678 1154 726 iudex,

107 753 146 784 et
175 746 268 784 data
297 744 489 783 Romanis
519 743 635 782 venia
664 752 721 782 est
751 743 913 793 indigna
941 743 1079 793 poetis.

110 810 316 849 Idcircone
345 823 463 859 vager
492 809 740 858 scribamque
769 808 960 847 licenter?
989 822 1039 846 an
1068 822 1205 848 omnes
1234 810 1306 857 265

109 875 258 913 visuros
287 882 452 923 peccata
480 881 615 923 putem
645 887 744 920 mea,
776 880 881 912 tutus
911 880 949 911 et
976 872 1078 911 intra

111 952 222 989 spem
251 938 388 977 veniae
417 940 584 976 cautus?
638 938 769 976 Vitavi
799 937 968 988 denique
998 939 1165 988 culpam,

111 1018 193 1043 non
221 1005 380 1042 laudern
409 1003 543 1042 merui.
602 1005 685 1042 Vos
715 1004 952 1054 exemplaria
981 1005 1132 1043 Graeca.

112 1077 306 1107 nocturna
332 1076 483 1107 versate
513 1082 644 1114 manu,
675 1075 826 1107 versate
855 1068 1004 1106 diurna.

114 1137 166 1173 At
195 1134 311 1173 vestri
340 1134 474 1184 proavi
504 1133 706 1172 Plautinos
737 1141 775 1172 et
803 1147 987 1172 numeros
1017 1140 1056 1172 et
1241 1145 1316 1181 270

113 1200 321 1237 laudavere
351 1200 461 1245 sales,
493 1198 657 1236 nimium
687 1197 879 1248 patienter
906 1206 1127 1248 utrumque,

116 1277 165 1302 ne
194 1263 323 1301 dicam
353 1264 480 1309 stulte,
512 1262 649 1308 mirati,
683 1262 714 1300 si
743 1263 864 1300 modo
895 1275 967 1312 ego
998 1270 1035 1300 et
1064 1275 1134 1300 vos

117 1329 260 1367 scimus
289 1328 525 1366 inurbanum
554 1328 687 1377 lepido
717 1341 909 1378 seponere
938 1328 1045 1366 dicto

116 1395 411 1446 legitimumque
441 1407 581 1432 sonum
611 1392 741 1443 digitis
770 1394 957 1432 callemus
988 1400 1025 1432 et
1054 1399 1195 1447 aurefss'

119 1463 305 1511 Ignotum
335 1460 502 1508 tragicae
531 1472 653 1508 genus
683 1458 878 1496 invenisse
908 1471 1097 1496 camenae
1242 1469 1314 1508 275

118 1525 258 1563 dicitur
287 1532 325 1562 et
354 1522 533 1573 plaustris
561 1522 714 1562 vexisse
742 1525 926 1572 poemata
954 1521 1133 1572 Thespis,

119 1602 221 1640 quae
249 1596 435 1626 canerent
465 1595 700 1637 agerentque
730 1587 907 1643 chti
936 1586 1108 1631 faecibus
1138 1599 1215 1624 ora.
1236 1606 1255 1613 ψ’

122 1655 216 1692 Post
244 1654 351 1690 hunc
380 1666 570 1702 personae
599 1654 805 1702 pallaeque
833 1659 1006 1701 repertor
1032 1653 1223 1689 honestae

121 1719 339 1768 Aeschylus
369 1726 407 1755 et
435 1717 602 1755 modicis
630 1716 806 1755 instravit
835 1716 987 1768 pulpita
1015 1705 1130 1766 tignis

124 1792 162 1822 et
190 1783 323 1822 docuit
352 1796 617 1832 magnumque
646 1782 752 1831 loqui
782 1781 931 1830 nitique
960 1781 1164 1819 cothurno.
1246 1783 1319 1818 280

124 1847 318 1887 Successit
346 1855 455 1885 vetus
485 1847 543 1885 his
573 1846 791 1894 comoedia,
822 1859 903 1884 non
933 1845 1017 1883 sine
1045 1845 1169 1882 multa

124 1913 264 1959 laude3
303 1913 372 1949 sed
401 1911 441 1949 in
468 1910 607 1949 vitium
636 1912 792 1950 libertas
822 1909 966 1949 excidit
995 1916 1033 1947 et
1061 1908 1142 1947 vim

126 1978 284 2027 dignam
313 1978 398 2026 lege
426 1975 531 2026 regi3
560 1977 621 2014 lex
649 1983 706 2014 est
736 1982 900 2023 accepta
928 1974 1148 2022 chorusque

126 2042 289 2092 turpiter
317 2041 482 2080 obticuit
511 2042 665 2079 sublato
695 2040 775 2078 iure
804 2038 985 2078 nocendi.

129 2106 195 2144 Nil
224 2105 504 2155 intemptatum
533 2104 655 2143 nostri
684 2104 832 2153 liquere
860 2105 1014 2152 poetae,
1248 2103 1320 2151 285

194 2190 266 2223 260.
313 2191 422 2221 7711'5505
449 2201 521 2221 cnm
554 2201 670 2232 magno
702 2189 854 2221 wOKM:
887 2188 1006 2219 missus
1034 2197 1150 2228 magno
1180 2197 1253 2218 cum
1284 2187 1323 2217 B.

131 2245 204 2287 265.
251 2256 296 2276 an
314 2243 474 2277 w'OKM:
499 2249 537 2275 ul
552 2245 588 2276 B.
691 2253 764 2284 277.
810 2253 891 2284 quae
906 2242 1059 2274 wOKM:
1082 2241 1142 2282 qui
1156 2241 1196 2272 B.
