1461 2448
128 155 177 194 52
361 146 603 185 HORATJ
629 147 1070 186 EPISTULARUM
1118 145 1166 200 [Ι.
1191 157 1322 196 247—

127 245 257 283 dilecti
287 245 355 284 tibi
384 247 578 295 Vergilius
606 246 824 295 Variusque
852 253 1006 297 poetae,

127 323 201 348 nec
230 311 352 360 magis
382 312 553 360 expressi
582 312 711 349 voltus
740 324 809 360 per
838 324 963 349 aenea
991 312 1102 361 signa

128 386 247 423 quam
275 387 344 423 per
372 375 469 412 vatis
499 387 599 423 opus
629 387 757 413 mores
786 375 988 424 animique
1016 376 1186 413 virorum

128 440 318 476 clarorum
346 447 548 488 apparent.
608 441 694 478 Nec
723 452 925 478 sermones
955 452 1028 488 ego
1057 441 1214 477 mallem
1246 451 1322 489 250

128 504 300 552 repentis
328 517 399 552 per
426 504 587 541 humum
618 517 736 553 quam
765 517 826 542 res
855 517 1095 554 componere
1123 511 1264 554 gestas,

129 576 395 616 terrarumque
424 568 520 606 situs
550 575 589 606 et
617 569 781 606 flumina
810 569 941 607 dicere
970 576 1009 607 et
1036 581 1144 607 arces

130 631 330 669 montibus
360 632 566 681 impositas
596 639 635 670 et
664 632 832 670 barbara
859 645 979 682 regna
1007 633 1163 683 tuisque

130 696 312 745 auspiciis
342 701 468 734 totum
497 698 679 735 confecta
707 698 839 735 duella
867 711 938 747 per
967 698 1105 735 orbem

130 761 375 809 claustraque
404 761 611 798 custodem
639 762 747 810 pacis
776 762 1003 799 cohibentia
1031 762 1173 799 Ianum
1251 774 1269 798 2
1278 771 1296 809 5
1305 772 1324 811 5

132 831 170 861 et
198 824 445 862 formidatam
476 825 627 862 Parthis
656 832 694 862 te
723 825 901 874 principe
931 826 1116 871 Romam,

132 890 161 926 si
202 896 391 937 quantum
434 902 619 938 cuperem
663 901 823 938 possem
864 902 1044 938 quoque:
1086 889 1157 928 sed
1198 901 1328 938 neque

237 966 400 1002 parvum

133 1031 289 1056 carmen
319 1020 503 1056 maiestas
531 1019 668 1068 recipit
696 1026 762 1056 tua
791 1032 865 1057 nec
894 1032 1006 1057 meus
1035 1019 1155 1057 audet

132 1097 213 1121 rem
243 1090 432 1132 temptare
462 1084 589 1132 pudor
617 1096 738 1132 quam
767 1085 865 1121 vires
895 1085 993 1122 ferre
1020 1091 1212 1122 recusent.

134 1148 328 1186 Sedulitas
356 1155 488 1185 autem
519 1148 634 1185 stulte
664 1160 782 1196 quem
812 1147 936 1198 diligit
964 1155 1113 1198 urguet,
1255 1150 1330 1185 260

134 1209 344 1259 praecipue
375 1223 465 1247 cum
496 1222 537 1248 se
566 1209 738 1248 numeris
768 1210 1023 1248 commendat
1051 1217 1090 1248 et
1119 1217 1223 1248 arte:

134 1274 250 1313 discit
278 1274 384 1312 enim
414 1274 527 1312 citius
556 1274 814 1323 meminitque
843 1274 1027 1313 libentius
1055 1275 1152 1313 illud

135 1340 244 1388 quod
272 1338 358 1387 quis
389 1337 541 1376 deridet
571 1352 689 1387 quam
719 1340 827 1387 quod
856 1341 999 1389 probat
1028 1347 1068 1378 et
1094 1346 1311 1379 veneratur.

136 1404 202 1441 Nil
232 1416 361 1441 moror
390 1403 560 1441 officium
590 1404 698 1452 quod
726 1417 789 1441 me
817 1411 950 1452 gravat
977 1417 1024 1441 ac
1053 1416 1181 1453 neque
1209 1405 1302 1442 ficto

136 1470 175 1507 in
204 1469 316 1518 peius
344 1469 453 1506 voltu
483 1468 651 1517 proponi
681 1481 814 1505 cereus
845 1481 1012 1517 usquam
1257 1470 1330 1517 265

137 1549 211 1574 nec
238 1547 355 1584 prave
383 1533 494 1571 factis
524 1533 699 1571 decorari
727 1532 902 1571 versibus
931 1540 1039 1582 opto,

136 1613 187 1638 ne
215 1599 377 1637 rubeam
405 1597 540 1647 pingui
569 1599 740 1636 donatus
768 1610 929 1636 munere
958 1605 996 1636 et
1025 1611 1105 1635 una

137 1677 227 1702 cum
256 1662 444 1712 scriptore
472 1674 563 1700 meo
591 1675 711 1711 capsa
738 1669 938 1710 porrectus
968 1669 1103 1711 operta

138 1730 290 1767 deferar
316 1727 357 1765 in
384 1727 514 1764 vicum
543 1727 782 1764 vendentem
811 1733 872 1764 tus
902 1733 940 1764 et
968 1726 1108 1764 odores

141 1802 178 1832 et
207 1793 316 1843 piper
345 1799 382 1830 et
412 1791 598 1841 quicquid
627 1790 767 1829 chartis
795 1790 975 1829 amicitur
1002 1789 1156 1840 ineptis.
1258 1802 1334 1840 270

379 1924 449 1956 268.
493 1928 600 1965 operta
624 1923 761 1955 w'BMK
788 1935 795 1956 :
818 1927 927 1965 aperta
951 1922 992 1955 O.
