1461 2448
109 142 307 197 VI1.45.]
575 144 762 181 LIBER
789 143 823 182 J.
1248 152 1292 188 17

111 244 192 282 ‘Ut
220 243 338 281 libet:
371 242 470 281 haec
497 241 626 291 porcis
655 240 774 279 hodie
802 240 1050 279 comedenda
1077 238 1295 289 relinques'

109 307 300 357 Prodigus
329 314 368 345 et
396 307 533 345 stultus
561 306 684 344 donat
712 318 813 354 quae
841 304 987 355 spernit
1015 311 1053 343 et
1083 304 1188 342 odit:
1247 318 1294 341 20

108 373 207 411 haec
235 384 344 424 Sffl‘is
373 370 543 421 ingratos
572 369 657 408 tulit
686 377 724 408 et
752 370 848 408 feret
877 368 1059 407 omnibus
1087 367 1209 406 annis.
1247 374 1251 377 ‘

108 436 179 474 Vir
206 426 334 474 bonus
362 442 401 474 et
429 434 582 485 sapiens
611 433 738 484 dignis
766 433 820 472 ait
848 446 933 472 esse
960 439 1140 482 paratus:

109 514 183 539 nec
210 507 341 539 tamen
369 500 520 551 ignorat
548 499 643 549 quid
670 499 816 537 distent
844 510 932 536 aera
958 496 1111 547 lupinis.

109 565 284 616 Dignum
313 566 522 615 praestabo
551 577 614 602 me
643 563 759 603 etiam
787 575 858 613 pro
886 563 1002 601 laude
1031 562 1223 601 merentis.

110 630 264 680 Quodsi
290 643 354 669 me
383 631 493 668 noles
522 642 688 678 usquam
717 628 930 675 discedere,
959 628 1099 666 reddes
1248 638 1292 676 25

108 697 207 734 forte
234 696 344 743 latus,
376 694 504 744 nigros
533 700 697 743 angusta
724 694 851 731 fronte
879 692 1051 742 capillos,

107 761 248 799 reddes
276 760 390 798 dulce
417 758 535 808 loqui,
565 759 706 797 reddes
733 756 858 796 ridere
885 758 1070 796 decorum
1098 764 1138 796 et

107 825 209 865 inter
236 824 326 863 vina
352 826 482 873 fugam
512 823 677 863 Cinarae
705 835 876 861 maerere
904 829 1140 874 protervae·

108 891 227 928 Forte
254 902 323 939 per
350 895 553 938 angustam
582 887 709 926 tenuis
737 888 943 938 volpecula
970 886 1107 924 rimam
1202 914 1246 950 ΙΙ,

108 961 278 1004 repserat
306 953 345 991 in
376 965 574 1005 cume-ram
602 951 797 998 frumenti,
826 958 1019 1001 pastaque
1045 963 1172 989 rursus
1200 950 1219 957 ⁹
1247 950 1296 999 30'

108 1018 162 1057 ire
191 1020 291 1057 foras
319 1018 436 1067 pleno
464 1017 652 1055 tendebat
679 1028 843 1065 corpore
870 1016 1017 1053 frustra.

110 1083 186 1123 Cui
214 1084 380 1140 mfflla
407 1082 543 1132 procul
574 1081 627 1138 ‘si
657 1080 732 1119 vis'
762 1080 815 1118 ait
845 1081 1035 1129 ‘effugere
1063 1078 1187 1126 istinc,

108 1160 238 1185 macra
266 1156 406 1185 cavum
434 1153 587 1196 repetes
615 1152 752 1194 artum,
783 1158 901 1194 quem
929 1146 1059 1182 macra
1087 1143 1250 1182 subisti.’

110 1214 204 1251 Hac
231 1224 304 1261 ego
333 1211 365 1250 si
393 1212 607 1260 compellor
635 1209 813 1260 imagine,
844 1215 987 1247 cuncta
1013 1208 1191 1258 resigno3
1227 1236 1230 1238 v

109 1290 185 1316 nec
213 1289 395 1315 somnum
423 1275 548 1326 plebis
577 1275 696 1313 laudo
724 1282 829 1313 satur
856 1274 1033 1321 altilium,
1062 1287 1137 1312 nec
1246 1284 1294 1323 35

110 1342 191 1381 otia
218 1341 361 1381 divitiis
389 1341 563 1379 Arabum
591 1338 786 1378 liberrima
813 1346 976 1398 mutoy

110 1408 236 1456 Saepe
264 1404 530 1457 verecundum
558 1402 735 1449 laudasti,
765 1415 909 1452 rexque
938 1408 1128 1452 paterque

109 1470 424 1515 audisti-coram,
455 1481 529 1507 nec
556 1468 676 1506 verbo
705 1466 859 1517 parcius
887 1467 1079 1505 absenszs

109 1535 257 1585 inspice
286 1533 317 1573 si
344 1546 506 1584 possum
534 1533 680 1571 donata
707 1545 895 1582 reponere
922 1532 1058 1570 laetus.
1088 1568 1094 1572 ,

111 1601 234 1639 Haud
261 1601 362 1638 male
390 1599 662 1643 Telemachus,
694 1598 822 1647 proles
851 1596 1036 1646 patientis
1065 1594 1182 1643 Ulixi,
1247 1609 1296 1642 40

113 1669 214 1703 ‘non
244 1671 302 1703 est
330 1670 444 1713 aptus
473 1662 581 1712 equis
612 1663 748 1700 Ithace
775 1662 896 1708 locus,
925 1668 969 1699 ut
996 1673 1125 1710 neque
1153 1659 1280 1710 planis

110 1735 310 1779 porrectus
339 1726 472 1777 spatiis
501 1739 576 1764 nec
603 1727 749 1764 multae
777 1724 962 1775 prodigus
989 1725 1158 1763 herbae:

110 1793 258 1840 Atride,
287 1792 409 1842 magis
437 1798 530 1841 apta
556 1790 626 1829 tibi
655 1797 721 1828 tua
749 1790 856 1828 dona
881 1789 1124 1839 relinquam.'

113 1861 280 1897 Parvum
308 1870 427 1907 parva
454 1857 619 1895 decent:
652 1854 747 1893 mihi
775 1853 853 1893 iam
881 1867 962 1893 non
990 1853 1094 1904 regia
1122 1855 1262 1900 Roma,

112 1922 181 1960 sed
208 1933 375 1960 vacuum
402 1919 525 1977 Tibur
552 1919 679 1969 placet
707 1924 773 1971 aut
802 1917 945 1969 inbelle
974 1919 1197 1963 Tarentum.
1247 1926 1294 1964 45

180 2085 229 2116 19.
274 2075 436 2116 relinques
453 2078 482 2105 ς
498 2073 633 2106 ΒΟΚΜ
647 2084 655 2104 :
686 2072 854 2114 relinquis.
969 2081 1019 2102 22.
1058 2074 1200 2111 paratus
1216 2069 1300 2110 α’βγ

114 2130 249 2163 ΒΟΚΜ
263 2140 271 2160 2
295 2133 455 2170 paratum
473 2127 561 2168 α”β”.
627 2136 680 2171 29.
719 2126 880 2167 volpecula
897 2136 920 2155 ω
935 2120 1120 2170 2³*nz‘lcdulq
1137 2123 1173 2155 B.
1245 2133 1295 2163 34.

113 2183 279 2225 compellor
294 2186 323 2213 ἔ
332 2193 339 2213 :
371 2183 550 2223 compellar.
638 2191 690 2222 40.
728 2180 889 2221 patientis
907 2183 936 2210 ς·
945 2190 953 2210 z
968 2169 1144 2218 Willis.
1209 2176 1304 2209 Ulixi

114 2236 175 2278 α’β’
191 2237 228 2268 Μ
243 2247 251 2268 :
287 2236 396 2267 Ulixei
409 2247 431 2276 γ
447 2236 518 2268 ΟΒ.
607 2245 658 2276 41.
706 2234 816 2266 Ithace
833 2238 862 2266 5‘
878 2233 1031 2266 KOBM:
1063 2232 1202 2263 Ithacae.

220 2313 262 2338 w.
279 2310 318 2338 H.
1171 2310 1190 2334 2
