1461 2448
121 142 240 180 XIII.
266 138 344 192 10.]
593 142 780 182 LIBER
806 143 842 182 I.
1259 155 1304 192 25

120 250 210 277 curn
239 244 281 276 tu
309 237 410 276 inter
438 237 608 276 scabiem
637 246 786 277 tantam
816 246 854 277 et
883 238 1063 288 contagia
1089 239 1185 277 lucri

120 303 175 341 nil
202 316 365 353 parvum
394 302 520 352 sapias
550 309 588 340 et
616 303 745 340 adhuc
773 302 955 341 sublimia
983 316 1104 349 cures,
1261 315 1304 353 15

120 380 220 417 quae
245 379 350 405 mare
375 374 618 416 compescant
643 379 793 414 causae,
817 366 912 416 quid
938 374 1130 416 temperet
1148 380 1304 413 annum,

120 432 254 470 stellae
282 431 428 481 sponte
453 444 523 469 sua
550 431 729 474 iussaene
757 439 945 482 vagentur
972 439 1176 477 etrerrent‚

120 495 215 545 quid
242 503 393 546 premat
420 497 631 534 obscurum
659 497 784 544 lunae,
818 496 912 546 quid
941 497 1109 546 proferat
1138 497 1284 542 orbem,

120 559 215 610 quid
243 560 334 599 velit
362 567 401 599 et
429 560 553 610 possit
580 573 707 598 rerum
737 560 949 599 concordia
977 560 1137 607 discors,

120 623 381 673 Empedocles
410 637 460 661 an
489 623 715 662 Stertinium
744 624 881 663 deliret
909 637 1086 663 acumen.
1259 638 1306 662 20

118 689 266 726 Verum
295 701 363 726 seu
391 687 507 737 piscis
535 701 604 726 seu
634 701 789 738 porrum
819 696 858 727 et
887 702 1006 738 caepe
1035 688 1216 735 trucidas,

118 759 226 790 utere
256 752 448 801 Pompeio
478 753 672 802 Grospho,
702 761 751 799 et,
781 753 910 802 siquid
938 760 1056 802 petet,
1087 755 1188 792 ultro

119 817 249 855 defer:
280 816 336 855 nil
364 818 568 867 Grosphus
597 817 670 856 nisi
697 831 832 856 verum
861 818 984 857 orabit
1013 826 1052 857 et
1080 831 1262 868 aequum.

117 882 217 921 Vilis
245 883 459 922 amicorum
489 891 546 923 est
573 897 742 931 annona,
772 884 886 923 bonis
917 885 983 923 ubi
1012 884 1108 934 quid
1136 886 1258 924 deest.

119 948 183 986 Ne
210 954 341 987 tamen
369 948 522 998 ignores
551 962 630 999 quo
658 949 706 988 sit
736 951 920 988 Romana
948 951 1036 988 loco
1064 963 1136 997 res,
1258 961 1302 999 25

116 1013 318 1052 Cantaber
344 1013 556 1063 Agrippae,
588 1014 730 1053 Claudi
757 1014 897 1053 virtute
927 1014 1095 1053 Neronis

116 1075 326 1115 Armenius
353 1077 520 1126 cecidit3
552 1077 612 1116 ius
640 1077 923 1128 imperiumque
952 1079 1135 1116 Prahates

118 1142 293 1181 Caesaris
322 1143 485 1193 accepit>
502 1144 666 1194 genibus
694 1144 846 1192 minor3
879 1158 996 1184 aurea
1023 1146 1148 1195 fruges

118 1206 255 1246 Italiae
282 1208 401 1257 pleno
431 1207 609 1247 defundit
638 1208 764 1259 Copia
792 1222 925 1247 cornu.

651 1404 770 1442 XIII.

117 1501 174 1539 Ut
201 1499 514 1550 proficiscentem
543 1502 660 1541 docui
688 1510 726 1541 te
756 1515 874 1552 saepe
903 1501 1060 1552 diuque,

115 1565 292 1613 Augusto
320 1565 462 1604 reddes
490 1565 642 1615 signata
668 1565 882 1612 volumina,
911 1565 1014 1612 Vini,

116 1628 147 1667 si
173 1628 334 1679 validus,
368 1629 401 1668 si
427 1631 553 1669 laetus
581 1632 664 1676 erit,
694 1630 726 1668 si
754 1630 924 1680 denique
952 1636 1115 1679 poscet;

114 1705 166 1731 ne
193 1692 324 1731 studio
353 1693 475 1733 nostri
503 1707 644 1744 pecces
673 1694 888 1744 odiumque
916 1693 1056 1732 libellis

115 1757 271 1795 sedulus
299 1756 473 1807 inportes
502 1771 622 1808 opera
648 1759 880 1798 vehemente
908 1757 1093 1796 minister.
1281 1769 1299 1807 5

114 1820 154 1859 Si
182 1828 220 1860 te
247 1822 346 1861 forte
374 1835 486 1861 meae
513 1822 638 1873 gravis
666 1831 751 1862 uret
779 1823 930 1862 sarcina
958 1824 1124 1869 chartae,

114 1881 258 1923 abicito
285 1884 416 1935 potius
443 1899 562 1936 quam
590 1899 670 1936 quo
699 1888 867 1937 perferre
895 1886 1038 1925 iuberis

114 1947 276 1987 clitellas
304 1950 406 1988 ferus
434 1950 615 2001 inpingas
645 1951 868 2001 Asinaeque
896 1959 1102 2002 paternum

114 2011 337 2061 cognomen
366 2021 492 2052 vertas
521 2013 562 2052 in
590 2014 709 2053 risum
738 2023 776 2054 et
804 2016 935 2053 fabula
962 2016 1042 2053 fias.

114 2075 270 2115 Viribus
297 2077 414 2116 uteris
443 2092 512 2128 per
539 2078 671 2126 clivos,
702 2078 872 2125 flumina,
902 2080 1034 2117 lamas,
1258 2093 1303 2118 10

179 2180 233 2213 27.
277 2174 439 2205 Prahates
462 2174 496 2220 φ’
518 2176 570 2207 K:
602 2176 786 2208 Phrallalcs
810 2177 866 2208 M:
899 2176 1151 2218 PlzraaleszO.
1248 2186 1298 2218 29.

114 2225 265 2268 dqumdz't
280 2231 310 2259 ς·
326 2227 484 2261 BOKM:
513 2229 650 2270 dtflcdz't.
