<?xml version="1.0" encoding="UTF-8"?>
<!DOCTYPE html PUBLIC "-//W3C//DTD XHTML 1.0 Transitional//EN"
    "http://www.w3.org/TR/xhtml1/DTD/xhtml1-transitional.dtd">
<html xmlns="http://www.w3.org/1999/xhtml" xml:lang="en" lang="en">
 <head>
  <title>
</title>
<meta http-equiv="Content-Type" content="text/html;charset=utf-8" />
  <meta name='ocr-system' content='tesseract 3.04.00' />
  <meta name='ocr-capabilities' content='ocr_page ocr_carea ocr_par ocr_line ocrx_word'/>
</head>
<body>
  <div class='ocr_page' id='page_1' title='image "./qhoratiflacciepi00hora_0059.png"; bbox 0 0 1461 2448; ppageno 0'>
   <div class='ocr_carea' id='block_1_1' title="bbox 58 1242 99 1276">
    <p class='ocr_par' dir='ltr' id='par_1_1' title="bbox 58 1242 99 1276">
     <span class='ocr_line' id='line_1_1' title="bbox 58 1242 99 1276; baseline 0 -28"><span class='ocrx_word' id='word_1_1' title='bbox 58 1242 99 1276; x_wconf 61' lang='lat' dir='ltr'>f?</span> 
     </span>
    </p>
   </div>
   <div class='ocr_carea' id='block_1_2' title="bbox 130 116 1318 172">
    <p class='ocr_par' dir='ltr' id='par_1_2' title="bbox 130 116 1318 172">
     <span class='ocr_line' id='line_1_2' title="bbox 130 116 1318 172; baseline 0.001 -14"><span class='ocrx_word' id='word_1_2' title='bbox 130 121 201 158; x_wconf 90' lang='lat' dir='ltr'>XI.</span> <span class='ocrx_word' id='word_1_3' title='bbox 227 116 306 172; x_wconf 90' lang='lat'>18.]</span> <span class='ocrx_word' id='word_1_4' title='bbox 590 119 778 157; x_wconf 83' lang='lat' dir='ltr'><em>LIBER</em></span> <span class='ocrx_word' id='word_1_5' title='bbox 805 119 839 157; x_wconf 84' lang='lat' dir='ltr'>J.</span> <span class='ocrx_word' id='word_1_6' title='bbox 1271 133 1318 170; x_wconf 85' lang='lat'>23</span> 
     </span>
    </p>
   </div>
   <div class='ocr_carea' id='block_1_3' title="bbox 130 213 1313 524">
    <p class='ocr_par' dir='ltr' id='par_1_3' title="bbox 131 213 1037 265">
     <span class='ocr_line' id='line_1_3' title="bbox 131 213 1037 265; baseline -0.003 -10"><span class='ocrx_word' id='word_1_7' title='bbox 131 219 275 255; x_wconf 88' lang='lat' dir='ltr'>Laetus</span> <span class='ocrx_word' id='word_1_8' title='bbox 305 223 407 255; x_wconf 88' lang='lat' dir='ltr'>sorte</span> <span class='ocrx_word' id='word_1_9' title='bbox 436 222 504 254; x_wconf 90' lang='lat' dir='ltr'>tua</span> <span class='ocrx_word' id='word_1_10' title='bbox 530 215 637 254; x_wconf 91' lang='lat' dir='ltr'>vives</span> <span class='ocrx_word' id='word_1_11' title='bbox 671 215 875 265; x_wconf 85' lang='lat' dir='ltr'><strong>sapienter,</strong></span> <span class='ocrx_word' id='word_1_12' title='bbox 906 213 1037 262; x_wconf 83' lang='lat' dir='ltr'>Aristi,</span> 
     </span>
    </p>

    <p class='ocr_par' dir='ltr' id='par_1_4' title="bbox 130 279 1313 461">
     <span class='ocr_line' id='line_1_4' title="bbox 130 279 1313 331; baseline -0.004 -10"><span class='ocrx_word' id='word_1_13' title='bbox 130 295 204 321; x_wconf 90' lang='lat' dir='ltr'>nec</span> <span class='ocrx_word' id='word_1_14' title='bbox 232 295 296 321; x_wconf 91' lang='lat' dir='ltr'>me</span> <span class='ocrx_word' id='word_1_15' title='bbox 324 281 496 320; x_wconf 85' lang='lat' dir='ltr'>dimittes</span> <span class='ocrx_word' id='word_1_16' title='bbox 525 280 809 331; x_wconf 83' lang='lat' dir='ltr'>incastigatum,</span> <span class='ocrx_word' id='word_1_17' title='bbox 839 279 906 318; x_wconf 91' lang='lat' dir='ltr'>ubi</span> <span class='ocrx_word' id='word_1_18' title='bbox 934 281 1046 329; x_wconf 91' lang='lat' dir='ltr'>plura</span> <span class='ocrx_word' id='word_1_19' title='bbox 1266 294 1313 331; x_wconf 83' lang='lat'>45</span> 
     </span>
     <span class='ocr_line' id='line_1_5' title="bbox 131 341 1190 395; baseline -0.002 -12"><span class='ocrx_word' id='word_1_20' title='bbox 131 358 269 395; x_wconf 91' lang='lat' dir='ltr'>cogere</span> <span class='ocrx_word' id='word_1_21' title='bbox 298 358 416 395; x_wconf 91' lang='lat' dir='ltr'>quam</span> <span class='ocrx_word' id='word_1_22' title='bbox 446 344 537 382; x_wconf 88' lang='lat' dir='ltr'>satis</span> <span class='ocrx_word' id='word_1_23' title='bbox 566 352 625 383; x_wconf 92' lang='lat' dir='ltr'>est</span> <span class='ocrx_word' id='word_1_24' title='bbox 653 357 699 382; x_wconf 89' lang='lat' dir='ltr'>ac</span> <span class='ocrx_word' id='word_1_25' title='bbox 728 357 808 382; x_wconf 87' lang='lat' dir='ltr'>non</span> <span class='ocrx_word' id='word_1_26' title='bbox 838 355 990 381; x_wconf 90' lang='lat' dir='ltr'>cessare</span> <span class='ocrx_word' id='word_1_27' title='bbox 1017 341 1190 381; x_wconf 89' lang='lat' dir='ltr'>videbor.</span> 
     </span>
     <span class='ocr_line' id='line_1_6' title="bbox 133 408 1113 461; baseline -0.001 -13"><span class='ocrx_word' id='word_1_28' title='bbox 133 411 305 459; x_wconf 88' lang='lat' dir='ltr'>Imperat</span> <span class='ocrx_word' id='word_1_29' title='bbox 332 418 398 448; x_wconf 90' lang='lat' dir='ltr'>aut</span> <span class='ocrx_word' id='word_1_30' title='bbox 427 408 543 448; x_wconf 90' lang='lat' dir='ltr'>servit</span> <span class='ocrx_word' id='word_1_31' title='bbox 571 411 736 448; x_wconf 88' lang='lat' dir='ltr'>collecta</span> <span class='ocrx_word' id='word_1_32' title='bbox 763 408 932 459; x_wconf 83' lang='lat' dir='ltr'>pecunia</span> <span class='ocrx_word' id='word_1_33' title='bbox 959 408 1113 461; x_wconf 87' lang='lat' dir='ltr'>cuique,</span> 
     </span>
    </p>

    <p class='ocr_par' dir='ltr' id='par_1_5' title="bbox 131 473 1214 524">
     <span class='ocr_line' id='line_1_7' title="bbox 131 473 1214 524; baseline 0.001 -11"><span class='ocrx_word' id='word_1_34' title='bbox 131 482 275 513; x_wconf 88' lang='lat' dir='ltr'>tortum</span> <span class='ocrx_word' id='word_1_35' title='bbox 305 474 423 524; x_wconf 87' lang='lat' dir='ltr'>digna</span> <span class='ocrx_word' id='word_1_36' title='bbox 451 473 561 523; x_wconf 89' lang='lat' dir='ltr'>sequi</span> <span class='ocrx_word' id='word_1_37' title='bbox 588 474 720 524; x_wconf 88' lang='lat' dir='ltr'>potius</span> <span class='ocrx_word' id='word_1_38' title='bbox 749 486 868 523; x_wconf 90' lang='lat' dir='ltr'>quam</span> <span class='ocrx_word' id='word_1_39' title='bbox 898 475 1040 512; x_wconf 89' lang='lat' dir='ltr'>ducere</span> <span class='ocrx_word' id='word_1_40' title='bbox 1069 475 1214 514; x_wconf 87' lang='lat' dir='ltr'>funem.</span> 
     </span>
    </p>
   </div>
   <div class='ocr_carea' id='block_1_4' title="bbox 93 524 1308 588">
    <p class='ocr_par' dir='ltr' id='par_1_6' title="bbox 93 524 1308 588">
     <span class='ocr_line' id='line_1_8' title="bbox 93 524 1308 588; baseline 0 -10"><span class='ocrx_word' id='word_1_41' title='bbox 93 524 248 578; x_wconf 24' lang='lat' dir='ltr'>&amp;Haec</span> <span class='ocrx_word' id='word_1_42' title='bbox 276 537 347 577; x_wconf 88' lang='lat' dir='ltr'>tibi</span> <span class='ocrx_word' id='word_1_43' title='bbox 376 538 572 577; x_wconf 83' lang='lat' dir='ltr'>dictabam</span> <span class='ocrx_word' id='word_1_44' title='bbox 601 545 690 588; x_wconf 91' lang='lat' dir='ltr'>post</span> <span class='ocrx_word' id='word_1_45' title='bbox 718 539 853 576; x_wconf 83' lang='lat' dir='ltr'>fanum</span> <span class='ocrx_word' id='word_1_46' title='bbox 882 545 996 587; x_wconf 91' lang='lat' dir='ltr'>putre</span> <span class='ocrx_word' id='word_1_47' title='bbox 1024 539 1225 588; x_wconf 82' lang='lat' dir='ltr'>Vacunae,</span> <span class='ocrx_word' id='word_1_48' title='bbox 1284 554 1308 572; x_wconf 64' lang='lat'>2⁵</span> 
     </span>
    </p>
   </div>
   <div class='ocr_carea' id='block_1_5' title="bbox 131 602 1321 686">
    <p class='ocr_par' dir='ltr' id='par_1_7' title="bbox 131 602 1321 686">
     <span class='ocr_line' id='line_1_9' title="bbox 131 602 1321 656; baseline 0.002 -16"><span class='ocrx_word' id='word_1_49' title='bbox 131 610 295 652; x_wconf 87' lang='lat' dir='ltr'>excepto</span> <span class='ocrx_word' id='word_1_50' title='bbox 324 603 432 656; x_wconf 87' lang='lat' dir='ltr'>quod</span> <span class='ocrx_word' id='word_1_51' title='bbox 459 616 540 642; x_wconf 93' lang='lat' dir='ltr'>non</span> <span class='ocrx_word' id='word_1_52' title='bbox 570 602 683 641; x_wconf 89' lang='lat' dir='ltr'>simul</span> <span class='ocrx_word' id='word_1_53' title='bbox 712 615 828 650; x_wconf 87' lang='lat' dir='ltr'>esses,</span> <span class='ocrx_word' id='word_1_54' title='bbox 858 611 987 642; x_wconf 87' lang='lat' dir='ltr'>cetera</span> <span class='ocrx_word' id='word_1_55' title='bbox 1014 604 1147 642; x_wconf 80' lang='lat' dir='ltr'>laetus.</span> <span class='ocrx_word' id='word_1_56' title='bbox 1272 617 1321 655; x_wconf 89' lang='lat'>50</span> 
     </span>
     <span class='ocr_line' id='line_1_10' title="bbox 153 664 969 686; baseline 0.001 -4"><span class='ocrx_word' id='word_1_57' title='bbox 153 664 164 668; x_wconf 71' lang='lat'><strong><em>‘</em></strong></span> <span class='ocrx_word' id='word_1_58' title='bbox 235 674 245 682; x_wconf 53' lang='lat'>1</span> <span class='ocrx_word' id='word_1_59' title='bbox 441 683 443 685; x_wconf 62' lang='grc'><strong>,</strong></span> <span class='ocrx_word' id='word_1_60' title='bbox 474 676 480 681; x_wconf 46' lang='lat' dir='ltr'>r</span> <span class='ocrx_word' id='word_1_61' title='bbox 648 665 693 686; x_wconf 54' lang='lat' dir='ltr'>J,</span> <span class='ocrx_word' id='word_1_62' title='bbox 735 669 754 685; x_wconf 56' lang='grc' dir='ltr'>ς,</span> <span class='ocrx_word' id='word_1_63' title='bbox 877 672 892 680; x_wconf 73' lang='lat'>›-</span> <span class='ocrx_word' id='word_1_64' title='bbox 942 672 969 682; x_wconf 39' lang='grc'>’,</span> 
     </span>
    </p>
   </div>
   <div class='ocr_carea' id='block_1_6' title="bbox 685 814 756 852">
    <p class='ocr_par' dir='ltr' id='par_1_8' title="bbox 685 814 756 852">
     <span class='ocr_line' id='line_1_11' title="bbox 685 814 756 852; baseline -0.014 0"><span class='ocrx_word' id='word_1_65' title='bbox 685 814 756 852; x_wconf 90' lang='grc' dir='ltr'>ΧΙ.</span> 
     </span>
    </p>
   </div>
   <div class='ocr_carea' id='block_1_7' title="bbox 135 910 1197 963">
    <p class='ocr_par' dir='ltr' id='par_1_9' title="bbox 135 910 1197 963">
     <span class='ocr_line' id='line_1_12' title="bbox 135 910 1197 963; baseline 0 -12"><span class='ocrx_word' id='word_1_66' title='bbox 135 912 240 963; x_wconf 84' lang='lat' dir='ltr'><strong>Quid</strong></span> <span class='ocrx_word' id='word_1_67' title='bbox 269 911 339 951; x_wconf 87' lang='lat' dir='ltr'>tibi</span> <span class='ocrx_word' id='word_1_68' title='bbox 368 910 450 950; x_wconf 83' lang='lat' dir='ltr'>visa</span> <span class='ocrx_word' id='word_1_69' title='bbox 479 910 613 959; x_wconf 87' lang='lat' dir='ltr'>Chios,</span> <span class='ocrx_word' id='word_1_70' title='bbox 644 911 800 958; x_wconf 76' lang='lat' dir='ltr'>Bullati,</span> <span class='ocrx_word' id='word_1_71' title='bbox 832 919 1004 962; x_wconf 80' lang='lat' dir='ltr'>notaque</span> <span class='ocrx_word' id='word_1_72' title='bbox 1033 914 1197 960; x_wconf 83' lang='lat' dir='ltr'>Lesbos,</span> 
     </span>
    </p>
   </div>
   <div class='ocr_carea' id='block_1_8' title="bbox 131 976 1369 1027">
    <p class='ocr_par' dir='ltr' id='par_1_10' title="bbox 131 976 1369 1027">
     <span class='ocr_line' id='line_1_13' title="bbox 131 976 1369 1027; baseline -0.007 -11"><span class='ocrx_word' id='word_1_73' title='bbox 131 977 226 1027; x_wconf 89' lang='lat' dir='ltr'>quid</span> <span class='ocrx_word' id='word_1_74' title='bbox 254 976 450 1015; x_wconf 90' lang='lat' dir='ltr'>concinna</span> <span class='ocrx_word' id='word_1_75' title='bbox 478 977 627 1023; x_wconf 85' lang='lat' dir='ltr'>Sarnos,</span> <span class='ocrx_word' id='word_1_76' title='bbox 658 976 754 1025; x_wconf 91' lang='lat' dir='ltr'>quid</span> <span class='ocrx_word' id='word_1_77' title='bbox 784 976 919 1015; x_wconf 82' lang='lat' dir='ltr'>Croesi</span> <span class='ocrx_word' id='word_1_78' title='bbox 948 976 1051 1026; x_wconf 78' lang='lat' dir='ltr'>regia</span> <span class='ocrx_word' id='word_1_79' title='bbox 1079 977 1300 1027; x_wconf 59' lang='lat' dir='ltr'>Sardis‚f²‘&#39;</span> <span class='ocrx_word' id='word_1_80' title='bbox 1367 986 1369 989; x_wconf 53' lang='lat'><em>⁴</em></span> 
     </span>
    </p>
   </div>
   <div class='ocr_carea' id='block_1_9' title="bbox 130 1032 1321 1092">
    <p class='ocr_par' dir='ltr' id='par_1_11' title="bbox 130 1032 1321 1092">
     <span class='ocr_line' id='line_1_14' title="bbox 130 1032 1321 1092; baseline -0.001 -12"><span class='ocrx_word' id='word_1_81' title='bbox 130 1045 297 1092; x_wconf 87' lang='lat' dir='ltr'>Zmyrna</span> <span class='ocrx_word' id='word_1_82' title='bbox 325 1041 419 1091; x_wconf 90' lang='lat' dir='ltr'>quid</span> <span class='ocrx_word' id='word_1_83' title='bbox 448 1047 487 1080; x_wconf 87' lang='lat' dir='ltr'>et</span> <span class='ocrx_word' id='word_1_84' title='bbox 516 1041 758 1090; x_wconf 81' lang='lat' dir='ltr'>Colophon?</span> <span class='ocrx_word' id='word_1_85' title='bbox 796 1040 950 1079; x_wconf 84' lang='lat' dir='ltr'>Maiora</span> <span class='ocrx_word' id='word_1_86' title='bbox 978 1036 1179 1090; x_wconf 46' lang='lat' dir='ltr'>minoraxie</span> <span class='ocrx_word' id='word_1_87' title='bbox 1208 1032 1321 1088; x_wconf 64' lang='lat' dir='ltr'>fama,</span> 
     </span>
    </p>
   </div>
   <div class='ocr_carea' id='block_1_10' title="bbox 87 1101 1300 1167">
    <p class='ocr_par' dir='ltr' id='par_1_12' title="bbox 87 1101 1300 1167">
     <span class='ocr_line' id='line_1_15' title="bbox 87 1101 1300 1167; baseline 0.001 -23"><span class='ocrx_word' id='word_1_88' title='bbox 87 1101 89 1103; x_wconf 38' lang='lat'><strong><em>¹</em></strong></span> <span class='ocrx_word' id='word_1_89' title='bbox 131 1113 323 1144; x_wconf 82' lang='lat' dir='ltr'>cunctane</span> <span class='ocrx_word' id='word_1_90' title='bbox 351 1118 444 1155; x_wconf 90' lang='lat' dir='ltr'>prae</span> <span class='ocrx_word' id='word_1_91' title='bbox 472 1118 614 1154; x_wconf 84' lang='lat' dir='ltr'>campo</span> <span class='ocrx_word' id='word_1_92' title='bbox 644 1112 681 1143; x_wconf 85' lang='lat' dir='ltr'>et</span> <span class='ocrx_word' id='word_1_93' title='bbox 709 1104 898 1143; x_wconf 86' lang='lat' dir='ltr'>Tiberino</span> <span class='ocrx_word' id='word_1_94' title='bbox 928 1105 1087 1143; x_wconf 90' lang='lat' dir='ltr'>flumine</span> <span class='ocrx_word' id='word_1_95' title='bbox 1116 1102 1300 1167; x_wconf 81' lang='lat' dir='ltr'>sordent?</span> 
     </span>
    </p>
   </div>
   <div class='ocr_carea' id='block_1_11' title="bbox 118 1167 1323 2087">
    <p class='ocr_par' dir='ltr' id='par_1_13' title="bbox 118 1167 1320 1410">
     <span class='ocr_line' id='line_1_16' title="bbox 131 1167 1320 1219; baseline -0.001 -11"><span class='ocrx_word' id='word_1_96' title='bbox 131 1172 196 1208; x_wconf 91' lang='lat' dir='ltr'>An</span> <span class='ocrx_word' id='word_1_97' title='bbox 223 1169 330 1207; x_wconf 91' lang='lat' dir='ltr'>venit</span> <span class='ocrx_word' id='word_1_98' title='bbox 358 1168 399 1206; x_wconf 90' lang='lat' dir='ltr'>in</span> <span class='ocrx_word' id='word_1_99' title='bbox 427 1177 562 1207; x_wconf 90' lang='lat' dir='ltr'>votum</span> <span class='ocrx_word' id='word_1_100' title='bbox 591 1167 768 1206; x_wconf 80' lang='lat' dir='ltr'>Attalicis</span> <span class='ocrx_word' id='word_1_101' title='bbox 798 1182 843 1206; x_wconf 86' lang='lat' dir='ltr'>ex</span> <span class='ocrx_word' id='word_1_102' title='bbox 871 1169 1032 1208; x_wconf 89' lang='lat' dir='ltr'>urbibus</span> <span class='ocrx_word' id='word_1_103' title='bbox 1061 1182 1155 1217; x_wconf 65' lang='lat' dir='ltr'>una,</span> <span class='ocrx_word' id='word_1_104' title='bbox 1300 1181 1320 1219; x_wconf 88' lang='lat'><em>5</em></span> 
     </span>
     <span class='ocr_line' id='line_1_17' title="bbox 131 1231 1232 1282; baseline -0.001 -10"><span class='ocrx_word' id='word_1_105' title='bbox 131 1247 182 1272; x_wconf 92' lang='lat' dir='ltr'>an</span> <span class='ocrx_word' id='word_1_106' title='bbox 211 1233 415 1272; x_wconf 88' lang='lat' dir='ltr'>Lebedum</span> <span class='ocrx_word' id='word_1_107' title='bbox 443 1233 580 1270; x_wconf 92' lang='lat' dir='ltr'>laudas</span> <span class='ocrx_word' id='word_1_108' title='bbox 609 1231 701 1271; x_wconf 89' lang='lat' dir='ltr'>odio</span> <span class='ocrx_word' id='word_1_109' title='bbox 731 1232 847 1271; x_wconf 85' lang='lat' dir='ltr'>maris</span> <span class='ocrx_word' id='word_1_110' title='bbox 876 1240 995 1282; x_wconf 89' lang='lat' dir='ltr'>atque</span> <span class='ocrx_word' id='word_1_111' title='bbox 1023 1233 1232 1271; x_wconf 86' lang='lat' dir='ltr'>viarum?</span> 
     </span>
     <span class='ocr_line' id='line_1_18' title="bbox 118 1283 1224 1367; baseline 0 -31"><span class='ocrx_word' id='word_1_112' title='bbox 118 1283 238 1336; x_wconf 51' lang='lat' dir='ltr'>ffiScis</span> <span class='ocrx_word' id='word_1_113' title='bbox 268 1298 451 1336; x_wconf 88' lang='lat' dir='ltr'>Lebedus</span> <span class='ocrx_word' id='word_1_114' title='bbox 481 1297 575 1346; x_wconf 91' lang='lat' dir='ltr'>quid</span> <span class='ocrx_word' id='word_1_115' title='bbox 605 1292 675 1335; x_wconf 64' lang='lat' dir='ltr'>sit!</span> <span class='ocrx_word' id='word_1_116' title='bbox 722 1296 858 1336; x_wconf 86' lang='lat' dir='ltr'>Gabiis</span> <span class='ocrx_word' id='word_1_117' title='bbox 887 1297 1076 1336; x_wconf 87' lang='lat' dir='ltr'>desertior</span> <span class='ocrx_word' id='word_1_118' title='bbox 1104 1305 1224 1367; x_wconf 87' lang='lat' dir='ltr'>atque</span> 
     </span>
     <span class='ocr_line' id='line_1_19' title="bbox 132 1361 1052 1410; baseline -0.001 -9"><span class='ocrx_word' id='word_1_119' title='bbox 132 1362 291 1401; x_wconf 85' lang='lat' dir='ltr'>Fidenis</span> <span class='ocrx_word' id='word_1_120' title='bbox 319 1362 450 1400; x_wconf 91' lang='lat' dir='ltr'>vicus:</span> <span class='ocrx_word' id='word_1_121' title='bbox 479 1369 611 1400; x_wconf 89' lang='lat' dir='ltr'>tamen</span> <span class='ocrx_word' id='word_1_122' title='bbox 640 1361 717 1399; x_wconf 91' lang='lat' dir='ltr'>illic</span> <span class='ocrx_word' id='word_1_123' title='bbox 745 1362 872 1400; x_wconf 88' lang='lat' dir='ltr'>vivere</span> <span class='ocrx_word' id='word_1_124' title='bbox 900 1364 1052 1410; x_wconf 82' lang='lat' dir='ltr'>vellem,</span> 
     </span>
    </p>

    <p class='ocr_par' dir='ltr' id='par_1_14' title="bbox 132 1425 1323 1670">
     <span class='ocr_line' id='line_1_20' title="bbox 132 1425 1076 1476; baseline -0.001 -11"><span class='ocrx_word' id='word_1_125' title='bbox 132 1427 356 1476; x_wconf 87' lang='lat' dir='ltr'>oblitusque</span> <span class='ocrx_word' id='word_1_126' title='bbox 385 1439 572 1474; x_wconf 86' lang='lat' dir='ltr'>meorum,</span> <span class='ocrx_word' id='word_1_127' title='bbox 604 1425 894 1465; x_wconf 90' lang='lat' dir='ltr'>obliviscendus</span> <span class='ocrx_word' id='word_1_128' title='bbox 924 1435 962 1465; x_wconf 95' lang='lat' dir='ltr'>et</span> <span class='ocrx_word' id='word_1_129' title='bbox 990 1427 1076 1475; x_wconf 86' lang='lat' dir='ltr'>illis,</span> 
     </span>
     <span class='ocr_line' id='line_1_21' title="bbox 134 1480 1322 1542; baseline 0 -12"><span class='ocrx_word' id='word_1_130' title='bbox 134 1494 365 1542; x_wconf 89' lang='lat' dir='ltr'>Neptunum</span> <span class='ocrx_word' id='word_1_131' title='bbox 393 1492 530 1541; x_wconf 91' lang='lat' dir='ltr'>procul</span> <span class='ocrx_word' id='word_1_132' title='bbox 559 1504 580 1530; x_wconf 94' lang='lat' dir='ltr'>e</span> <span class='ocrx_word' id='word_1_133' title='bbox 610 1498 708 1529; x_wconf 87' lang='lat' dir='ltr'>terra</span> <span class='ocrx_word' id='word_1_134' title='bbox 738 1499 915 1541; x_wconf 89' lang='lat' dir='ltr'>spectare</span> <span class='ocrx_word' id='word_1_135' title='bbox 945 1480 1205 1530; x_wconf 51' lang='lat' dir='ltr'>furentemssf„</span> <span class='ocrx_word' id='word_1_136' title='bbox 1275 1506 1322 1530; x_wconf 93' lang='lat'>10</span> 
     </span>
     <span class='ocr_line' id='line_1_22' title="bbox 133 1554 1323 1605; baseline 0.001 -12"><span class='ocrx_word' id='word_1_137' title='bbox 133 1555 211 1594; x_wconf 90' lang='lat' dir='ltr'>Sed</span> <span class='ocrx_word' id='word_1_138' title='bbox 239 1567 368 1604; x_wconf 88' lang='lat' dir='ltr'>neque</span> <span class='ocrx_word' id='word_1_139' title='bbox 396 1554 464 1604; x_wconf 89' lang='lat' dir='ltr'>qui</span> <span class='ocrx_word' id='word_1_140' title='bbox 493 1556 634 1604; x_wconf 87' lang='lat' dir='ltr'>Capua</span> <span class='ocrx_word' id='word_1_141' title='bbox 663 1556 834 1593; x_wconf 87' lang='lat' dir='ltr'>Romam</span> <span class='ocrx_word' id='word_1_142' title='bbox 864 1554 974 1603; x_wconf 83' lang='lat' dir='ltr'>petit,</span> <span class='ocrx_word' id='word_1_143' title='bbox 1004 1555 1129 1593; x_wconf 87' lang='lat' dir='ltr'>imbre</span> <span class='ocrx_word' id='word_1_144' title='bbox 1163 1556 1323 1605; x_wconf 87' lang='lat' dir='ltr'>lutoque</span> 
     </span>
     <span class='ocr_line' id='line_1_23' title="bbox 132 1619 1148 1670; baseline 0.001 -12"><span class='ocrx_word' id='word_1_145' title='bbox 132 1621 353 1670; x_wconf 91' lang='lat' dir='ltr'>adspersus,</span> <span class='ocrx_word' id='word_1_146' title='bbox 383 1620 489 1658; x_wconf 92' lang='lat' dir='ltr'>volet</span> <span class='ocrx_word' id='word_1_147' title='bbox 517 1619 557 1658; x_wconf 92' lang='lat' dir='ltr'>in</span> <span class='ocrx_word' id='word_1_148' title='bbox 587 1633 767 1670; x_wconf 89' lang='lat' dir='ltr'>caupona</span> <span class='ocrx_word' id='word_1_149' title='bbox 795 1620 923 1659; x_wconf 88' lang='lat' dir='ltr'>vivere</span> <span class='ocrx_word' id='word_1_150' title='bbox 938 1634 948 1668; x_wconf 82' lang='lat'><em>3</em></span> <span class='ocrx_word' id='word_1_151' title='bbox 974 1633 1051 1659; x_wconf 86' lang='lat' dir='ltr'>nec</span> <span class='ocrx_word' id='word_1_152' title='bbox 1081 1621 1148 1670; x_wconf 91' lang='lat' dir='ltr'>qui</span> 
     </span>
    </p>

    <p class='ocr_par' dir='ltr' id='par_1_15' title="bbox 131 1684 1009 1733">
     <span class='ocr_line' id='line_1_24' title="bbox 131 1684 1009 1733; baseline 0.002 -12"><span class='ocrx_word' id='word_1_153' title='bbox 131 1684 249 1733; x_wconf 88' lang='lat' dir='ltr'>frigus</span> <span class='ocrx_word' id='word_1_154' title='bbox 278 1684 445 1733; x_wconf 87' lang='lat' dir='ltr'>collegit,</span> <span class='ocrx_word' id='word_1_155' title='bbox 475 1684 608 1722; x_wconf 90' lang='lat' dir='ltr'>furnos</span> <span class='ocrx_word' id='word_1_156' title='bbox 638 1692 677 1722; x_wconf 93' lang='lat' dir='ltr'>et</span> <span class='ocrx_word' id='word_1_157' title='bbox 705 1685 848 1722; x_wconf 89' lang='lat' dir='ltr'>balnea</span> <span class='ocrx_word' id='word_1_158' title='bbox 875 1685 1009 1723; x_wconf 88' lang='lat' dir='ltr'>laudat</span> 
     </span>
    </p>

    <p class='ocr_par' dir='ltr' id='par_1_16' title="bbox 131 1747 1020 1797">
     <span class='ocr_line' id='line_1_25' title="bbox 131 1747 1020 1797; baseline 0.001 -12"><span class='ocrx_word' id='word_1_159' title='bbox 131 1756 174 1786; x_wconf 91' lang='lat' dir='ltr'>ut</span> <span class='ocrx_word' id='word_1_160' title='bbox 202 1749 438 1787; x_wconf 86' lang='lat' dir='ltr'>fortunatam</span> <span class='ocrx_word' id='word_1_161' title='bbox 466 1748 583 1797; x_wconf 87' lang='lat' dir='ltr'>plene</span> <span class='ocrx_word' id='word_1_162' title='bbox 611 1748 848 1797; x_wconf 88' lang='lat' dir='ltr'>praestantia</span> <span class='ocrx_word' id='word_1_163' title='bbox 875 1747 993 1786; x_wconf 90' lang='lat' dir='ltr'>vitam</span> <span class='ocrx_word' id='word_1_164' title='bbox 1008 1761 1020 1795; x_wconf 89' lang='lat'>,·</span> 
     </span>
    </p>

    <p class='ocr_par' dir='ltr' id='par_1_17' title="bbox 131 1811 1320 2053">
     <span class='ocr_line' id='line_1_26' title="bbox 132 1811 1320 1863; baseline 0.001 -13"><span class='ocrx_word' id='word_1_165' title='bbox 132 1825 206 1851; x_wconf 90' lang='lat' dir='ltr'>nec</span> <span class='ocrx_word' id='word_1_166' title='bbox 234 1811 265 1850; x_wconf 93' lang='lat' dir='ltr'>si</span> <span class='ocrx_word' id='word_1_167' title='bbox 293 1819 332 1851; x_wconf 90' lang='lat' dir='ltr'>te</span> <span class='ocrx_word' id='word_1_168' title='bbox 360 1811 510 1850; x_wconf 89' lang='lat' dir='ltr'>validus</span> <span class='ocrx_word' id='word_1_169' title='bbox 539 1812 738 1851; x_wconf 87' lang='lat' dir='ltr'>iactaverit</span> <span class='ocrx_word' id='word_1_170' title='bbox 766 1814 908 1851; x_wconf 90' lang='lat' dir='ltr'>Auster</span> <span class='ocrx_word' id='word_1_171' title='bbox 935 1812 975 1850; x_wconf 90' lang='lat' dir='ltr'>in</span> <span class='ocrx_word' id='word_1_172' title='bbox 1004 1814 1097 1859; x_wconf 88' lang='lat' dir='ltr'>alto,</span> <span class='ocrx_word' id='word_1_173' title='bbox 1275 1824 1320 1863; x_wconf 89' lang='lat'>15</span> 
     </span>
     <span class='ocr_line' id='line_1_27' title="bbox 131 1876 1132 1927; baseline 0.001 -13"><span class='ocrx_word' id='word_1_174' title='bbox 131 1876 279 1915; x_wconf 91' lang='lat' dir='ltr'>idcirco</span> <span class='ocrx_word' id='word_1_175' title='bbox 308 1889 449 1915; x_wconf 90' lang='lat' dir='ltr'>navem</span> <span class='ocrx_word' id='word_1_176' title='bbox 478 1884 583 1915; x_wconf 90' lang='lat' dir='ltr'>trans</span> <span class='ocrx_word' id='word_1_177' title='bbox 610 1879 813 1927; x_wconf 85' lang='lat' dir='ltr'>Aegaeum</span> <span class='ocrx_word' id='word_1_178' title='bbox 841 1890 947 1915; x_wconf 88' lang='lat' dir='ltr'>mare</span> <span class='ocrx_word' id='word_1_179' title='bbox 974 1879 1132 1915; x_wconf 84' lang='lat' dir='ltr'>vendas.</span> 
     </span>
     <span class='ocr_line' id='line_1_28' title="bbox 135 1939 1263 1992; baseline 0.002 -14"><span class='ocrx_word' id='word_1_180' title='bbox 135 1939 331 1978; x_wconf 88' lang='lat' dir='ltr'>Incolumi</span> <span class='ocrx_word' id='word_1_181' title='bbox 361 1940 528 1978; x_wconf 88' lang='lat' dir='ltr'>Rhodos</span> <span class='ocrx_word' id='word_1_182' title='bbox 556 1946 594 1978; x_wconf 93' lang='lat' dir='ltr'>et</span> <span class='ocrx_word' id='word_1_183' title='bbox 625 1940 815 1990; x_wconf 89' lang='lat' dir='ltr'>Mytilene</span> <span class='ocrx_word' id='word_1_184' title='bbox 842 1941 1003 1990; x_wconf 89' lang='lat' dir='ltr'>pulchra</span> <span class='ocrx_word' id='word_1_185' title='bbox 1032 1940 1123 1978; x_wconf 84' lang='lat' dir='ltr'>facit</span> <span class='ocrx_word' id='word_1_186' title='bbox 1151 1942 1263 1992; x_wconf 88' lang='lat' dir='ltr'>quod</span> 
     </span>
     <span class='ocr_line' id='line_1_29' title="bbox 131 2002 1181 2087; baseline 0.001 -47.002"><span class='ocrx_word' id='word_1_187' title='bbox 131 2003 301 2087; x_wconf 83' lang='lat' dir='ltr'>paenula</span> <span class='ocrx_word' id='word_1_188' title='bbox 328 2002 507 2050; x_wconf 90' lang='lat' dir='ltr'>solstitio,</span> <span class='ocrx_word' id='word_1_189' title='bbox 537 2010 755 2053; x_wconf 89' lang='lat' dir='ltr'>campestre</span> <span class='ocrx_word' id='word_1_190' title='bbox 783 2003 976 2042; x_wconf 92' lang='lat' dir='ltr'>nivalibus</span> <span class='ocrx_word' id='word_1_191' title='bbox 1004 2004 1117 2052; x_wconf 88' lang='lat' dir='ltr'>auris,</span> <span class='ocrx_word' id='word_1_192' title='bbox 1178 2031 1181 2035; x_wconf 62' lang='grc'><strong><em>«</em></strong></span> 
     </span>
    </p>
   </div>
   <div class='ocr_carea' id='block_1_12' title="bbox 135 2108 1323 2250">
    <p class='ocr_par' dir='ltr' id='par_1_18' title="bbox 135 2108 1323 2250">
     <span class='ocr_line' id='line_1_30' title="bbox 197 2108 1323 2152; baseline 0.006 -12"><span class='ocrx_word' id='word_1_193' title='bbox 197 2108 262 2140; x_wconf 91' lang='grc' dir='ltr'>ΧῙ</span> <span class='ocrx_word' id='word_1_194' title='bbox 264 2119 338 2141; x_wconf 85' lang='lat'>—2.</span> <span class='ocrx_word' id='word_1_195' title='bbox 385 2111 501 2142; x_wconf 84' lang='lat' dir='ltr'>Sardis</span> <span class='ocrx_word' id='word_1_196' title='bbox 516 2122 540 2141; x_wconf 90' lang='grc' dir='ltr'><strong>ω</strong></span> <span class='ocrx_word' id='word_1_197' title='bbox 555 2111 716 2143; x_wconf 86' lang='lat' dir='ltr'><strong>BOMK:</strong></span> <span class='ocrx_word' id='word_1_198' title='bbox 739 2112 864 2143; x_wconf 77' lang='lat' dir='ltr'>Sardes.</span> <span class='ocrx_word' id='word_1_199' title='bbox 947 2123 977 2152; x_wconf 85' lang='lat'>3.</span> <span class='ocrx_word' id='word_1_200' title='bbox 1015 2113 1163 2152; x_wconf 83' lang='lat' dir='ltr'>Zmyrna</span> <span class='ocrx_word' id='word_1_201' title='bbox 1179 2113 1212 2144; x_wconf 86' lang='grc' dir='ltr'>ω’</span> <span class='ocrx_word' id='word_1_202' title='bbox 1228 2115 1300 2146; x_wconf 87' lang='grc' dir='ltr'>ΜΚ</span> <span class='ocrx_word' id='word_1_203' title='bbox 1315 2127 1323 2148; x_wconf 74' lang='lat'>2</span> 
     </span>
     <span class='ocr_line' id='line_1_31' title="bbox 135 2163 1323 2207; baseline 0.005 -13"><span class='ocrx_word' id='word_1_204' title='bbox 135 2164 283 2203; x_wconf 78' lang='lat' dir='ltr'>Smyrna</span> <span class='ocrx_word' id='word_1_205' title='bbox 299 2163 372 2195; x_wconf 91' lang='grc' dir='ltr'>ΒΟ.</span> <span class='ocrx_word' id='word_1_206' title='bbox 454 2175 554 2197; x_wconf 72' lang='lat' dir='ltr'>mmm</span> <span class='ocrx_word' id='word_1_207' title='bbox 556 2176 621 2197; x_wconf 84' lang='lat' dir='ltr'>ave</span> <span class='ocrx_word' id='word_1_208' title='bbox 636 2165 667 2197; x_wconf 86' lang='grc' dir='ltr'>ω’</span> <span class='ocrx_word' id='word_1_209' title='bbox 684 2166 813 2199; x_wconf 90' lang='lat' dir='ltr'><strong>OMK:</strong></span> <span class='ocrx_word' id='word_1_210' title='bbox 844 2165 1016 2197; x_wconf 79' lang='lat' dir='ltr'>minorane</span> <span class='ocrx_word' id='word_1_211' title='bbox 1033 2166 1072 2197; x_wconf 90' lang='grc' dir='ltr'>Β.</span> <span class='ocrx_word' id='word_1_212' title='bbox 1150 2174 1199 2207; x_wconf 84' lang='lat'>17.</span> <span class='ocrx_word' id='word_1_213' title='bbox 1237 2169 1323 2200; x_wconf 66' lang='lat' dir='ltr'><em>Rho-</em></span> 
     </span>
     <span class='ocr_line' id='line_1_32' title="bbox 135 2215 429 2250; baseline -0.003 0"><span class='ocrx_word' id='word_1_214' title='bbox 135 2218 190 2250; x_wconf 86' lang='lat' dir='ltr'>dos</span> <span class='ocrx_word' id='word_1_215' title='bbox 205 2215 256 2250; x_wconf 77' lang='lat' dir='ltr'>w&#39;:</span> <span class='ocrx_word' id='word_1_216' title='bbox 285 2218 429 2250; x_wconf 76' lang='lat' dir='ltr'>Rhodus.</span> 
     </span>
    </p>
   </div>
  </div>
 </body>
</html>
