1461 2448
84 148 118 186 1.
146 145 250 200 190.]
538 148 726 187 LIBER
763 150 823 188 II.
1228 156 1276 200 ’49

88 243 183 293 quid
209 244 426 293 Sophocles
453 251 491 284 et
516 245 686 296 Thespis
706 253 745 285 et
771 246 987 297 Aeschylus
1013 238 1107 286 utile
1126 250 1275 286 ferrent.

88 307 316 356 Temptavit
343 320 501 357 quoque
529 322 622 358 rem,
656 309 688 347 si
717 309 834 359 digne
861 318 1007 349 vertere
1035 319 1178 360 posset,

89 379 129 410 et
155 371 404 421 placuitsibi
432 381 569 411 natura
596 373 771 412 sublimis
800 382 838 413 et
868 388 981 413 acer:
1207 377 1250 412 16
1257 387 1276 424 5

88 448 182 473 nam
209 435 330 485 spirat
357 437 546 487 tragicum
575 438 667 476 satis
696 446 735 477 et
763 437 925 477 feliciter
951 439 1082 485 audet,

90 500 160 539 sed
187 506 340 551 turpem
367 509 480 552 putat
508 501 647 541 inscite
675 504 893 552 metuitque
922 503 1086 541 lituram.

91 564 283 612 Creditur,
312 578 361 604 ex
388 565 520 604 medio
550 566 644 616 quia
671 580 732 605 res
761 567 929 614 arcessit,
961 569 1105 605 habere

90 629 242 668 sudoris
271 629 488 678 minimum,
519 632 590 669 sed
617 632 737 670 habet
764 632 971 671 comoedia
1000 640 1108 670 tanto

90 694 179 743 plus
194 693 323 732 oneris
338 702 485 743 quanto
501 695 639 733 veniae
654 695 793 733 minus.
828 695 1000 745 Adspice
1019 697 1177 733 Plautus
1208 708 1279 743 170

90 770 170 808 quo
197 766 314 808 pacto
343 758 463 808 partis
491 766 637 797 tutetur
664 759 830 798 amantis
859 759 1012 809 ephebi,

90 829 133 860 ut
160 821 279 872 patris
308 823 458 870 attenti,
489 824 642 862 lenonis
670 831 713 862 ut
740 823 930 870 insidiosi,

91 893 260 935 quantus
289 886 337 925 sit
366 888 597 926 Dossennus
626 887 811 926 edacibus
839 888 880 926 in
907 887 1099 938 parasitis,

91 964 210 1000 quam
239 964 320 989 non
347 951 534 990 adstricto
562 960 758 1001 percurrat
786 952 936 1002 pulpita
964 965 1090 991 socco.

91 1015 219 1054 Gestit
231 1016 336 1054 enim
348 1029 554 1054 nummum
565 1016 606 1054 in
618 1017 767 1055 loculos
781 1017 997 1064 demittere,
1012 1017 1188 1067 posthoc
1209 1027 1277 1065 175

91 1093 249 1119 securus
277 1082 394 1119 cadat
421 1094 471 1119 an
499 1088 606 1119 recto
635 1088 710 1119 stet
738 1082 869 1119 fabula
896 1083 986 1119 talo.

93 1145 223 1192 Quem
251 1144 338 1182 tulit
365 1145 415 1183 ad
444 1157 626 1183 scaenam
653 1152 819 1183 ventoso
846 1145 968 1194 gloria
995 1157 1120 1192 curru,

91 1208 285 1247 exanimat
312 1210 440 1247 lentus
468 1216 672 1258 spectator,
703 1210 860 1247 sedulus
890 1209 1020 1248 inflat:

93 1273 148 1312 sic
172 1274 269 1320 leve,
290 1273 345 1311 sic
370 1286 530 1323 parvum
556 1281 624 1320 est,
647 1274 821 1311 animum
847 1275 955 1322 quod
981 1272 1104 1311 laudis
1124 1285 1280 1310 avarum

92 1339 240 1376 subruit
268 1345 335 1376 aut
362 1338 494 1376 reficit.
551 1339 691 1375 Valeat
719 1350 779 1375 res
807 1337 965 1385 ludicra,
997 1337 1029 1375 si
1058 1351 1121 1376 me
1209 1339 1282 1374 180

92 1403 223 1452 palma
250 1410 391 1451 negata
418 1414 603 1449 macrum,
634 1403 780 1440 donata
807 1401 958 1440 reducit
986 1402 1173 1451 opimum.

92 1467 218 1516 Saepe
246 1466 363 1504 etiam
392 1468 583 1505 audacem
612 1468 719 1515 fugat
748 1467 825 1504 hoc
852 1473 1046 1515 terretque
1074 1474 1243 1515 poetam,

92 1531 201 1579 quod
229 1543 393 1568 numero
421 1532 562 1580 plures,
591 1530 731 1568 virtute
759 1538 799 1568 et
826 1530 975 1569 honore
1003 1530 1184 1577 minores,

92 1595 243 1634 indocti
271 1595 481 1645 stolidique
508 1603 547 1634 et
575 1596 798 1645 depugnare
826 1595 950 1645 parati

93 1658 125 1697 si
152 1657 349 1698 discordet
376 1672 507 1709 eques,
535 1659 665 1698 media
689 1659 789 1697 inter
814 1659 986 1697 carmina
1010 1666 1177 1708 poscunt
1210 1661 1279 1707 185

93 1730 160 1761 aut
187 1736 319 1761 ursum
347 1730 414 1761 aut
441 1723 615 1773 pugiles:
649 1723 708 1761 his
737 1736 828 1760 nam
857 1724 1063 1772 plebecula
1089 1724 1243 1772 gaudet.

93 1788 240 1825 Verum
266 1787 407 1837 equitis
427 1800 583 1837 quoque
608 1787 686 1825 iam
715 1786 893 1836 migravit
917 1788 967 1824 ab
987 1799 1079 1825 aure
1104 1787 1283 1836 voluptas

94 1850 221 1889 omnis
248 1851 299 1889 ad
327 1851 495 1890 incertos
523 1852 659 1890 oculos
688 1858 726 1889 et
754 1849 896 1899 gaudia
923 1863 1036 1888 vana.

96 1915 292 1962 Quattuor
317 1923 384 1953 aut
412 1915 530 1965 pluris
558 1917 694 1953 aulaea
721 1922 951 1964 premuntur
978 1914 1017 1951 in
1047 1914 1172 1960 horas,

96 1978 190 2015 dum
206 1978 358 2028 fugiunt
371 1979 546 2029 equitum
562 1986 710 2017 turmae
726 1978 981 2028 peditumque
994 1984 1171 2015 catervae
1179 1992 1189 2025 3
1212 1979 1288 2026 190⁴

164 2076 235 2118 167.
278 2078 388 2110 inscite
403 2080 542 2112 S‘OMK
568 2090 576 2110 t
600 2079 736 2110 inscitus
752 2078 778 2108 B
807 2089 815 2109 ε
839 2077 876 2108 z'n
898 2078 1025 2119 scriptis
1043 2082 1080 2109 ε’.
1215 2084 1283 2113 180.

95 2134 157 2162 aut
185 2130 327 2162 w'OMK
354 2142 362 2162 ε
384 2142 421 2162 ac
451 2132 490 2161 B.
698 2128 767 2162 186.
808 2129 927 2170 gaudet
951 2129 1099 2167 assssMK
1127 2131 1287 2170 :plaudet

96 2196 120 2225 Ύ
146 2196 154 2216 :
170 2185 305 2225 plaudit
327 2184 369 2216 O.
491 2187 561 2224 187.
606 2185 722 2225 equilis
745 2184 878 2217 wOMK
907 2194 914 2215 :
937 2183 1040 2223 equiti
1062 2183 1100 2214 Β.
1215 2188 1285 2218 188.

97 2239 231 2269 incertos
253 2237 386 2269 wOMK
409 2247 416 2268 ε
443 2238 587 2279 ingralos
611 2240 649 2269 13.

203 2308 246 2335 w.
272 2309 312 2336 H.
1153 2312 1177 2346 4
