<?xml version="1.0" encoding="UTF-8"?>
<!DOCTYPE html PUBLIC "-//W3C//DTD XHTML 1.0 Transitional//EN"
    "http://www.w3.org/TR/xhtml1/DTD/xhtml1-transitional.dtd">
<html xmlns="http://www.w3.org/1999/xhtml" xml:lang="en" lang="en">
 <head>
  <title>
</title>
<meta http-equiv="Content-Type" content="text/html;charset=utf-8" />
  <meta name='ocr-system' content='tesseract 3.04.00' />
  <meta name='ocr-capabilities' content='ocr_page ocr_carea ocr_par ocr_line ocrx_word'/>
</head>
<body>
  <div class='ocr_page' id='page_1' title='image "./qhoratiflacciepi00hora_0045.png"; bbox 0 0 1461 2448; ppageno 0'>
   <div class='ocr_carea' id='block_1_1' title="bbox 85 135 1270 189">
    <p class='ocr_par' dir='ltr' id='par_1_1' title="bbox 85 135 1270 189">
     <span class='ocr_line' id='line_1_1' title="bbox 85 135 1270 189; baseline -0.003 -13"><span class='ocrx_word' id='word_1_1' title='bbox 85 138 139 176; x_wconf 92' lang='lat'>11.</span> <span class='ocrx_word' id='word_1_2' title='bbox 162 135 244 189; x_wconf 87' lang='lat'>68.]</span> <span class='ocrx_word' id='word_1_3' title='bbox 550 137 738 175; x_wconf 81' lang='lat' dir='ltr'><em>LIBER</em></span> <span class='ocrx_word' id='word_1_4' title='bbox 765 137 800 174; x_wconf 90' lang='lat' dir='ltr'>I.</span> <span class='ocrx_word' id='word_1_5' title='bbox 1248 148 1270 182; x_wconf 87' lang='lat'>9</span> 
     </span>
    </p>
   </div>
   <div class='ocr_carea' id='block_1_2' title="bbox 78 232 1271 1586">
    <p class='ocr_par' dir='ltr' id='par_1_2' title="bbox 81 232 1116 417">
     <span class='ocr_line' id='line_1_2' title="bbox 81 232 1116 285; baseline -0.004 -11"><span class='ocrx_word' id='word_1_6' title='bbox 81 234 249 275; x_wconf 88' lang='lat' dir='ltr'>rusticus</span> <span class='ocrx_word' id='word_1_7' title='bbox 276 241 477 285; x_wconf 84' lang='lat' dir='ltr'>exspectat</span> <span class='ocrx_word' id='word_1_8' title='bbox 506 235 600 274; x_wconf 87' lang='lat' dir='ltr'>dum</span> <span class='ocrx_word' id='word_1_9' title='bbox 629 235 777 274; x_wconf 84' lang='lat' dir='ltr'>defluat</span> <span class='ocrx_word' id='word_1_10' title='bbox 805 232 955 272; x_wconf 79' lang='lat' dir='ltr'>amnis:</span> <span class='ocrx_word' id='word_1_11' title='bbox 985 240 1024 271; x_wconf 89' lang='lat' dir='ltr'>at</span> <span class='ocrx_word' id='word_1_12' title='bbox 1053 232 1116 271; x_wconf 84' lang='lat' dir='ltr'>ille</span> 
     </span>
     <span class='ocr_line' id='line_1_3' title="bbox 81 299 1070 341; baseline -0.004 -1"><span class='ocrx_word' id='word_1_13' title='bbox 81 301 223 340; x_wconf 84' lang='lat' dir='ltr'>labitur</span> <span class='ocrx_word' id='word_1_14' title='bbox 249 308 290 341; x_wconf 90' lang='lat' dir='ltr'>et</span> <span class='ocrx_word' id='word_1_15' title='bbox 316 302 468 340; x_wconf 88' lang='lat' dir='ltr'>labetur</span> <span class='ocrx_word' id='word_1_16' title='bbox 495 300 536 339; x_wconf 91' lang='lat' dir='ltr'>in</span> <span class='ocrx_word' id='word_1_17' title='bbox 565 313 683 339; x_wconf 84' lang='lat' dir='ltr'>omne</span> <span class='ocrx_word' id='word_1_18' title='bbox 710 299 891 338; x_wconf 81' lang='lat' dir='ltr'>volubilis</span> <span class='ocrx_word' id='word_1_19' title='bbox 919 312 1070 337; x_wconf 89' lang='lat' dir='ltr'>aevum.</span> 
     </span>
     <span class='ocr_line' id='line_1_4' title="bbox 83 362 1111 417; baseline -0.005 -11"><span class='ocrx_word' id='word_1_20' title='bbox 83 366 292 417; x_wconf 83' lang='lat' dir='ltr'><strong>Quaeritur</strong></span> <span class='ocrx_word' id='word_1_21' title='bbox 318 374 522 416; x_wconf 87' lang='lat' dir='ltr'>argentum</span> <span class='ocrx_word' id='word_1_22' title='bbox 550 365 757 415; x_wconf 86' lang='lat' dir='ltr'>puerisque</span> <span class='ocrx_word' id='word_1_23' title='bbox 786 366 904 404; x_wconf 86' lang='lat' dir='ltr'>beata</span> <span class='ocrx_word' id='word_1_24' title='bbox 932 362 1111 402; x_wconf 77' lang='lat' dir='ltr'>creandis</span> 
     </span>
    </p>

    <p class='ocr_par' dir='ltr' id='par_1_3' title="bbox 79 428 1267 677">
     <span class='ocr_line' id='line_1_5' title="bbox 80 428 1267 481; baseline -0.004 -11"><span class='ocrx_word' id='word_1_25' title='bbox 80 445 176 471; x_wconf 91' lang='lat' dir='ltr'>uxor</span> <span class='ocrx_word' id='word_1_26' title='bbox 203 439 242 471; x_wconf 89' lang='lat' dir='ltr'>et</span> <span class='ocrx_word' id='word_1_27' title='bbox 269 431 439 470; x_wconf 82' lang='lat' dir='ltr'>incultae</span> <span class='ocrx_word' id='word_1_28' title='bbox 466 438 658 481; x_wconf 83' lang='lat' dir='ltr'>pacantur</span> <span class='ocrx_word' id='word_1_29' title='bbox 685 442 843 468; x_wconf 85' lang='lat' dir='ltr'>vomere</span> <span class='ocrx_word' id='word_1_30' title='bbox 872 428 1007 471; x_wconf 61' lang='lat' dir='ltr'>silvae,</span> <span class='ocrx_word' id='word_1_31' title='bbox 1221 441 1241 474; x_wconf 81' lang='grc'>4</span> <span class='ocrx_word' id='word_1_32' title='bbox 1250 439 1267 476; x_wconf 83' lang='lat'><strong>5</strong></span> 
     </span>
     <span class='ocr_line' id='line_1_6' title="bbox 82 492 1207 546; baseline -0.006 -10"><span class='ocrx_word' id='word_1_33' title='bbox 82 497 202 546; x_wconf 90' lang='lat' dir='ltr'>Quod</span> <span class='ocrx_word' id='word_1_34' title='bbox 231 495 322 535; x_wconf 83' lang='lat' dir='ltr'>satis</span> <span class='ocrx_word' id='word_1_35' title='bbox 351 504 410 534; x_wconf 90' lang='lat' dir='ltr'>est</span> <span class='ocrx_word' id='word_1_36' title='bbox 438 495 502 534; x_wconf 91' lang='lat' dir='ltr'>cui</span> <span class='ocrx_word' id='word_1_37' title='bbox 530 494 734 544; x_wconf 83' lang='lat' dir='ltr'>contingit,</span> <span class='ocrx_word' id='word_1_38' title='bbox 765 493 862 532; x_wconf 84' lang='lat' dir='ltr'>nihil</span> <span class='ocrx_word' id='word_1_39' title='bbox 890 492 1058 542; x_wconf 84' lang='lat' dir='ltr'>amplius</span> <span class='ocrx_word' id='word_1_40' title='bbox 1087 499 1207 541; x_wconf 88' lang='lat' dir='ltr'>optet.</span> 
     </span>
     <span class='ocr_line' id='line_1_7' title="bbox 81 557 1205 606; baseline -0.005 -5"><span class='ocrx_word' id='word_1_41' title='bbox 81 563 176 601; x_wconf 94' lang='lat' dir='ltr'>Non</span> <span class='ocrx_word' id='word_1_42' title='bbox 203 562 345 600; x_wconf 90' lang='lat' dir='ltr'>domus</span> <span class='ocrx_word' id='word_1_43' title='bbox 376 568 414 600; x_wconf 88' lang='lat' dir='ltr'>et</span> <span class='ocrx_word' id='word_1_44' title='bbox 442 562 598 606; x_wconf 87' lang='lat' dir='ltr'>fundus,</span> <span class='ocrx_word' id='word_1_45' title='bbox 629 573 710 599; x_wconf 89' lang='lat' dir='ltr'>non</span> <span class='ocrx_word' id='word_1_46' title='bbox 739 559 838 598; x_wconf 89' lang='lat' dir='ltr'>aeris</span> <span class='ocrx_word' id='word_1_47' title='bbox 867 571 1028 597; x_wconf 85' lang='lat' dir='ltr'>acervus</span> <span class='ocrx_word' id='word_1_48' title='bbox 1059 564 1098 596; x_wconf 88' lang='lat' dir='ltr'>et</span> <span class='ocrx_word' id='word_1_49' title='bbox 1123 557 1205 595; x_wconf 86' lang='lat' dir='ltr'>auri</span> 
     </span>
     <span class='ocr_line' id='line_1_8' title="bbox 79 624 962 677; baseline -0.005 -11"><span class='ocrx_word' id='word_1_50' title='bbox 79 634 239 677; x_wconf 88' lang='lat' dir='ltr'>aegroto</span> <span class='ocrx_word' id='word_1_51' title='bbox 268 625 419 665; x_wconf 90' lang='lat' dir='ltr'>domini</span> <span class='ocrx_word' id='word_1_52' title='bbox 447 626 611 665; x_wconf 86' lang='lat' dir='ltr'>deduxit</span> <span class='ocrx_word' id='word_1_53' title='bbox 639 638 802 675; x_wconf 89' lang='lat' dir='ltr'>corpore</span> <span class='ocrx_word' id='word_1_54' title='bbox 831 624 962 671; x_wconf 85' lang='lat' dir='ltr'>febris,</span> 
     </span>
    </p>

    <p class='ocr_par' dir='ltr' id='par_1_4' title="bbox 80 691 1065 740">
     <span class='ocr_line' id='line_1_9' title="bbox 80 691 1065 740; baseline -0.003 -10"><span class='ocrx_word' id='word_1_55' title='bbox 80 705 161 731; x_wconf 88' lang='lat' dir='ltr'>non</span> <span class='ocrx_word' id='word_1_56' title='bbox 188 691 322 730; x_wconf 88' lang='lat' dir='ltr'>animo</span> <span class='ocrx_word' id='word_1_57' title='bbox 351 704 485 730; x_wconf 87' lang='lat' dir='ltr'>curas:</span> <span class='ocrx_word' id='word_1_58' title='bbox 512 691 640 729; x_wconf 86' lang='lat' dir='ltr'>valeat</span> <span class='ocrx_word' id='word_1_59' title='bbox 667 703 871 740; x_wconf 82' lang='lat' dir='ltr'>possessor</span> <span class='ocrx_word' id='word_1_60' title='bbox 899 695 1065 739; x_wconf 85' lang='lat' dir='ltr'>oportet,</span> 
     </span>
    </p>

    <p class='ocr_par' dir='ltr' id='par_1_5' title="bbox 79 755 1270 990">
     <span class='ocr_line' id='line_1_10' title="bbox 80 755 1270 807; baseline -0.004 -11"><span class='ocrx_word' id='word_1_61' title='bbox 80 757 113 796; x_wconf 92' lang='lat' dir='ltr'>si</span> <span class='ocrx_word' id='word_1_62' title='bbox 140 755 393 807; x_wconf 84' lang='lat' dir='ltr'>comportatis</span> <span class='ocrx_word' id='word_1_63' title='bbox 423 755 537 794; x_wconf 89' lang='lat' dir='ltr'>rebus</span> <span class='ocrx_word' id='word_1_64' title='bbox 566 756 668 794; x_wconf 90' lang='lat' dir='ltr'>bene</span> <span class='ocrx_word' id='word_1_65' title='bbox 696 755 843 804; x_wconf 82' lang='lat' dir='ltr'>cogitat</span> <span class='ocrx_word' id='word_1_66' title='bbox 869 755 937 793; x_wconf 89' lang='lat' dir='ltr'>uti.</span> <span class='ocrx_word' id='word_1_67' title='bbox 1221 766 1270 804; x_wconf 87' lang='lat'>50</span> 
     </span>
     <span class='ocr_line' id='line_1_11' title="bbox 81 819 1253 871; baseline -0.003 -11"><span class='ocrx_word' id='word_1_68' title='bbox 81 821 162 871; x_wconf 86' lang='lat' dir='ltr'>Qui</span> <span class='ocrx_word' id='word_1_69' title='bbox 189 821 297 871; x_wconf 88' lang='lat' dir='ltr'>cupit</span> <span class='ocrx_word' id='word_1_70' title='bbox 325 828 393 860; x_wconf 88' lang='lat' dir='ltr'>aut</span> <span class='ocrx_word' id='word_1_71' title='bbox 420 820 568 867; x_wconf 88' lang='lat' dir='ltr'>metuit,</span> <span class='ocrx_word' id='word_1_72' title='bbox 599 821 706 859; x_wconf 89' lang='lat' dir='ltr'>iuvat</span> <span class='ocrx_word' id='word_1_73' title='bbox 734 820 842 858; x_wconf 83' lang='lat' dir='ltr'>illum</span> <span class='ocrx_word' id='word_1_74' title='bbox 872 819 928 859; x_wconf 88' lang='lat' dir='ltr'>sic</span> <span class='ocrx_word' id='word_1_75' title='bbox 957 820 1098 859; x_wconf 87' lang='lat' dir='ltr'>domus</span> <span class='ocrx_word' id='word_1_76' title='bbox 1127 826 1165 859; x_wconf 83' lang='lat' dir='ltr'>et</span> <span class='ocrx_word' id='word_1_77' title='bbox 1193 833 1253 858; x_wconf 84' lang='lat' dir='ltr'>res</span> 
     </span>
     <span class='ocr_line' id='line_1_12' title="bbox 79 886 1123 936; baseline -0.002 -12"><span class='ocrx_word' id='word_1_78' title='bbox 79 893 123 925; x_wconf 93' lang='lat' dir='ltr'>ut</span> <span class='ocrx_word' id='word_1_79' title='bbox 151 886 304 936; x_wconf 90' lang='lat' dir='ltr'>lippum</span> <span class='ocrx_word' id='word_1_80' title='bbox 332 886 461 936; x_wconf 86' lang='lat' dir='ltr'>pictae</span> <span class='ocrx_word' id='word_1_81' title='bbox 490 887 659 933; x_wconf 82' lang='lat' dir='ltr'>tabulae,</span> <span class='ocrx_word' id='word_1_82' title='bbox 689 886 866 924; x_wconf 87' lang='lat' dir='ltr'>fomenta</span> <span class='ocrx_word' id='word_1_83' title='bbox 894 886 1123 934; x_wconf 80' lang='lat' dir='ltr'>podagram,</span> 
     </span>
     <span class='ocr_line' id='line_1_13' title="bbox 79 948 1015 1023; baseline -0.003 -34"><span class='ocrx_word' id='word_1_84' title='bbox 79 950 269 1022; x_wconf 85' lang='lat' dir='ltr'>auriculas</span> <span class='ocrx_word' id='word_1_85' title='bbox 297 950 469 1023; x_wconf 85' lang='lat' dir='ltr'>citharae</span> <span class='ocrx_word' id='word_1_86' title='bbox 497 952 662 989; x_wconf 87' lang='lat' dir='ltr'>collecta</span> <span class='ocrx_word' id='word_1_87' title='bbox 691 951 806 988; x_wconf 87' lang='lat' dir='ltr'>sorde</span> <span class='ocrx_word' id='word_1_88' title='bbox 835 948 1015 988; x_wconf 87' lang='lat' dir='ltr'>dolentis.</span> 
     </span>
    </p>

    <p class='ocr_par' dir='ltr' id='par_1_6' title="bbox 79 1058 1268 1260">
     <span class='ocr_line' id='line_1_14' title="bbox 79 1058 1268 1132; baseline -0.003 -11"><span class='ocrx_word' id='word_1_89' title='bbox 79 1066 226 1132; x_wconf 87' lang='lat' dir='ltr'>Sperne</span> <span class='ocrx_word' id='word_1_90' title='bbox 238 1058 491 1132; x_wconf 82' lang='lat' dir='ltr'>voluptates:</span> <span class='ocrx_word' id='word_1_91' title='bbox 524 1089 645 1120; x_wconf 87' lang='lat' dir='ltr'>nocet</span> <span class='ocrx_word' id='word_1_92' title='bbox 673 1088 806 1131; x_wconf 87' lang='lat' dir='ltr'>empta</span> <span class='ocrx_word' id='word_1_93' title='bbox 833 1081 970 1119; x_wconf 83' lang='lat' dir='ltr'>dolore</span> <span class='ocrx_word' id='word_1_94' title='bbox 998 1082 1188 1130; x_wconf 87' lang='lat' dir='ltr'>voluptas.</span> <span class='ocrx_word' id='word_1_95' title='bbox 1222 1094 1268 1131; x_wconf 88' lang='grc'>55</span> 
     </span>
     <span class='ocr_line' id='line_1_15' title="bbox 79 1146 1122 1200; baseline -0.002 -14"><span class='ocrx_word' id='word_1_96' title='bbox 79 1148 242 1197; x_wconf 89' lang='lat' dir='ltr'>Semper</span> <span class='ocrx_word' id='word_1_97' title='bbox 268 1160 405 1186; x_wconf 85' lang='lat' dir='ltr'>avarus</span> <span class='ocrx_word' id='word_1_98' title='bbox 434 1154 546 1196; x_wconf 86' lang='lat' dir='ltr'>eget:</span> <span class='ocrx_word' id='word_1_99' title='bbox 575 1153 723 1200; x_wconf 83' lang='lat' dir='ltr'>certum</span> <span class='ocrx_word' id='word_1_100' title='bbox 751 1152 844 1184; x_wconf 89' lang='lat' dir='ltr'>voto</span> <span class='ocrx_word' id='word_1_101' title='bbox 873 1152 964 1194; x_wconf 85' lang='lat' dir='ltr'>pete</span> <span class='ocrx_word' id='word_1_102' title='bbox 992 1146 1122 1184; x_wconf 86' lang='lat' dir='ltr'>finem.</span> 
     </span>
     <span class='ocr_line' id='line_1_16' title="bbox 80 1210 1005 1260; baseline -0.004 -8"><span class='ocrx_word' id='word_1_103' title='bbox 80 1213 243 1252; x_wconf 82' lang='lat' dir='ltr'>Invidus</span> <span class='ocrx_word' id='word_1_104' title='bbox 272 1212 430 1252; x_wconf 88' lang='lat' dir='ltr'>alterius</span> <span class='ocrx_word' id='word_1_105' title='bbox 459 1211 665 1250; x_wconf 88' lang='lat' dir='ltr'>macrescit</span> <span class='ocrx_word' id='word_1_106' title='bbox 692 1213 809 1249; x_wconf 83' lang='lat' dir='ltr'>rebus</span> <span class='ocrx_word' id='word_1_107' title='bbox 838 1210 1005 1260; x_wconf 85' lang='lat' dir='ltr'>opimis:</span> 
     </span>
    </p>

    <p class='ocr_par' dir='ltr' id='par_1_7' title="bbox 78 1275 875 1326">
     <span class='ocr_line' id='line_1_17' title="bbox 78 1275 875 1326; baseline -0.005 -9"><span class='ocrx_word' id='word_1_108' title='bbox 78 1277 225 1317; x_wconf 89' lang='lat' dir='ltr'>invidia</span> <span class='ocrx_word' id='word_1_109' title='bbox 253 1277 372 1317; x_wconf 88' lang='lat' dir='ltr'>Siculi</span> <span class='ocrx_word' id='word_1_110' title='bbox 400 1290 482 1315; x_wconf 88' lang='lat' dir='ltr'>non</span> <span class='ocrx_word' id='word_1_111' title='bbox 509 1276 693 1315; x_wconf 87' lang='lat' dir='ltr'>invenere</span> <span class='ocrx_word' id='word_1_112' title='bbox 722 1275 875 1326; x_wconf 86' lang='lat' dir='ltr'>tyranni</span> 
     </span>
    </p>

    <p class='ocr_par' dir='ltr' id='par_1_8' title="bbox 78 1340 1271 1522">
     <span class='ocr_line' id='line_1_18' title="bbox 78 1340 1145 1390; baseline -0.001 -9"><span class='ocrx_word' id='word_1_113' title='bbox 78 1342 204 1382; x_wconf 85' lang='lat' dir='ltr'>maius</span> <span class='ocrx_word' id='word_1_114' title='bbox 232 1349 482 1380; x_wconf 89' lang='lat' dir='ltr'>tormentum.</span> <span class='ocrx_word' id='word_1_115' title='bbox 541 1342 620 1390; x_wconf 85' lang='lat' dir='ltr'>Qui</span> <span class='ocrx_word' id='word_1_116' title='bbox 649 1355 731 1380; x_wconf 89' lang='lat' dir='ltr'>non</span> <span class='ocrx_word' id='word_1_117' title='bbox 759 1340 1029 1380; x_wconf 84' lang='lat' dir='ltr'>moderabitur</span> <span class='ocrx_word' id='word_1_118' title='bbox 1055 1341 1145 1387; x_wconf 86' lang='lat' dir='ltr'>irae,</span> 
     </span>
     <span class='ocr_line' id='line_1_19' title="bbox 78 1405 1271 1456; baseline -0.002 -10"><span class='ocrx_word' id='word_1_119' title='bbox 78 1408 266 1446; x_wconf 88' lang='lat' dir='ltr'>infectum</span> <span class='ocrx_word' id='word_1_120' title='bbox 293 1408 400 1446; x_wconf 89' lang='lat' dir='ltr'>volet</span> <span class='ocrx_word' id='word_1_121' title='bbox 429 1420 514 1447; x_wconf 87' lang='lat' dir='ltr'>esse</span> <span class='ocrx_word' id='word_1_122' title='bbox 542 1407 656 1445; x_wconf 90' lang='lat' dir='ltr'>dolor</span> <span class='ocrx_word' id='word_1_123' title='bbox 685 1406 794 1456; x_wconf 85' lang='lat' dir='ltr'>quod</span> <span class='ocrx_word' id='word_1_124' title='bbox 824 1405 987 1444; x_wconf 87' lang='lat' dir='ltr'>suaserit</span> <span class='ocrx_word' id='word_1_125' title='bbox 1007 1413 1046 1444; x_wconf 90' lang='lat' dir='ltr'>et</span> <span class='ocrx_word' id='word_1_126' title='bbox 1066 1419 1188 1454; x_wconf 88' lang='lat' dir='ltr'>mens,</span> <span class='ocrx_word' id='word_1_127' title='bbox 1221 1408 1271 1444; x_wconf 82' lang='lat'>60</span> 
     </span>
     <span class='ocr_line' id='line_1_20' title="bbox 78 1470 1029 1522; baseline -0.002 -11"><span class='ocrx_word' id='word_1_128' title='bbox 78 1474 174 1512; x_wconf 90' lang='lat' dir='ltr'>dum</span> <span class='ocrx_word' id='word_1_129' title='bbox 201 1485 350 1522; x_wconf 89' lang='lat' dir='ltr'>poenas</span> <span class='ocrx_word' id='word_1_130' title='bbox 379 1471 474 1511; x_wconf 89' lang='lat' dir='ltr'>odio</span> <span class='ocrx_word' id='word_1_131' title='bbox 502 1485 572 1522; x_wconf 88' lang='lat' dir='ltr'>per</span> <span class='ocrx_word' id='word_1_132' title='bbox 599 1471 679 1509; x_wconf 90' lang='lat' dir='ltr'>vim</span> <span class='ocrx_word' id='word_1_133' title='bbox 707 1471 863 1510; x_wconf 85' lang='lat' dir='ltr'>festinat</span> <span class='ocrx_word' id='word_1_134' title='bbox 892 1470 1029 1509; x_wconf 88' lang='lat' dir='ltr'>inulto.</span> 
     </span>
    </p>

    <p class='ocr_par' dir='ltr' id='par_1_9' title="bbox 78 1534 1235 1586">
     <span class='ocr_line' id='line_1_21' title="bbox 78 1534 1235 1586; baseline -0.003 -11"><span class='ocrx_word' id='word_1_135' title='bbox 78 1539 144 1575; x_wconf 86' lang='lat' dir='ltr'>Ira</span> <span class='ocrx_word' id='word_1_136' title='bbox 169 1537 274 1575; x_wconf 89' lang='lat' dir='ltr'>furor</span> <span class='ocrx_word' id='word_1_137' title='bbox 299 1537 427 1576; x_wconf 90' lang='lat' dir='ltr'>brevis</span> <span class='ocrx_word' id='word_1_138' title='bbox 455 1545 537 1577; x_wconf 90' lang='lat' dir='ltr'>est:</span> <span class='ocrx_word' id='word_1_139' title='bbox 569 1536 745 1574; x_wconf 86' lang='lat' dir='ltr'>animum</span> <span class='ocrx_word' id='word_1_140' title='bbox 773 1549 888 1585; x_wconf 81' lang='lat' dir='ltr'>rege3</span> <span class='ocrx_word' id='word_1_141' title='bbox 917 1535 985 1586; x_wconf 90' lang='lat' dir='ltr'>qui</span> <span class='ocrx_word' id='word_1_142' title='bbox 1012 1534 1087 1573; x_wconf 81' lang='lat' dir='ltr'>nisi</span> <span class='ocrx_word' id='word_1_143' title='bbox 1115 1542 1235 1585; x_wconf 84' lang='lat' dir='ltr'>paret,</span> 
     </span>
    </p>
   </div>
   <div class='ocr_carea' id='block_1_3' title="bbox 73 1592 1184 1657">
    <p class='ocr_par' dir='ltr' id='par_1_10' title="bbox 73 1592 1184 1657">
     <span class='ocr_line' id='line_1_22' title="bbox 73 1592 1184 1657; baseline -0.004 -13.985"><span class='ocrx_word' id='word_1_144' title='bbox 73 1594 268 1657; x_wconf 81' lang='lat' dir='ltr'>imperat</span> <span class='ocrx_word' id='word_1_145' title='bbox 296 1604 403 1657; x_wconf 83' lang='lat' dir='ltr'>hunc</span> <span class='ocrx_word' id='word_1_146' title='bbox 421 1592 568 1651; x_wconf 86' lang='lat' dir='ltr'>frenis</span> <span class='ocrx_word' id='word_1_147' title='bbox 582 1603 697 1649; x_wconf 84' lang='lat' dir='ltr'>hunc</span> <span class='ocrx_word' id='word_1_148' title='bbox 723 1609 773 1649; x_wconf 85' lang='lat' dir='ltr'>tu</span> <span class='ocrx_word' id='word_1_149' title='bbox 779 1614 1009 1651; x_wconf 86' lang='lat' dir='ltr'>compesce</span> <span class='ocrx_word' id='word_1_150' title='bbox 1035 1609 1184 1647; x_wconf 78' lang='lat' dir='ltr'>catena.</span> 
     </span>
    </p>
   </div>
   <div class='ocr_carea' id='block_1_4' title="bbox 68 1666 1271 2270">
    <p class='ocr_par' dir='ltr' id='par_1_11' title="bbox 77 1666 1267 2028">
     <span class='ocr_line' id='line_1_23' title="bbox 78 1666 1139 1719; baseline -0.004 -12"><span class='ocrx_word' id='word_1_151' title='bbox 78 1668 208 1719; x_wconf 89' lang='lat' dir='ltr'>Fingit</span> <span class='ocrx_word' id='word_1_152' title='bbox 235 1680 382 1718; x_wconf 87' lang='lat' dir='ltr'>equum</span> <span class='ocrx_word' id='word_1_153' title='bbox 411 1675 546 1706; x_wconf 90' lang='lat' dir='ltr'>tenera</span> <span class='ocrx_word' id='word_1_154' title='bbox 574 1666 746 1705; x_wconf 88' lang='lat' dir='ltr'>docilem</span> <span class='ocrx_word' id='word_1_155' title='bbox 773 1666 925 1704; x_wconf 88' lang='lat' dir='ltr'>cervice</span> <span class='ocrx_word' id='word_1_156' title='bbox 955 1666 1139 1716; x_wconf 84' lang='lat' dir='ltr'>magister</span> 
     </span>
     <span class='ocr_line' id='line_1_24' title="bbox 77 1731 1267 1783; baseline -0.003 -10"><span class='ocrx_word' id='word_1_157' title='bbox 77 1733 132 1773; x_wconf 90' lang='lat' dir='ltr'>ire</span> <span class='ocrx_word' id='word_1_158' title='bbox 159 1733 262 1773; x_wconf 86' lang='lat' dir='ltr'>viam</span> <span class='ocrx_word' id='word_1_159' title='bbox 291 1746 370 1783; x_wconf 85' lang='lat' dir='ltr'>qua</span> <span class='ocrx_word' id='word_1_160' title='bbox 397 1739 589 1771; x_wconf 91' lang='lat' dir='ltr'>monstret</span> <span class='ocrx_word' id='word_1_161' title='bbox 618 1745 757 1782; x_wconf 87' lang='lat' dir='ltr'>eques:</span> <span class='ocrx_word' id='word_1_162' title='bbox 786 1731 1001 1778; x_wconf 89' lang='lat' dir='ltr'>venaticus,</span> <span class='ocrx_word' id='word_1_163' title='bbox 1033 1744 1082 1770; x_wconf 83' lang='lat' dir='ltr'>ex</span> <span class='ocrx_word' id='word_1_164' title='bbox 1110 1744 1191 1781; x_wconf 88' lang='lat' dir='ltr'>quo</span> <span class='ocrx_word' id='word_1_165' title='bbox 1222 1733 1267 1781; x_wconf 83' lang='lat'>65</span> 
     </span>
     <span class='ocr_line' id='line_1_25' title="bbox 77 1796 1032 1849; baseline -0.004 -11"><span class='ocrx_word' id='word_1_166' title='bbox 77 1807 255 1849; x_wconf 88' lang='lat' dir='ltr'>tempore</span> <span class='ocrx_word' id='word_1_167' title='bbox 282 1797 479 1837; x_wconf 87' lang='lat' dir='ltr'>cervinam</span> <span class='ocrx_word' id='word_1_168' title='bbox 507 1799 652 1847; x_wconf 88' lang='lat' dir='ltr'>pellem</span> <span class='ocrx_word' id='word_1_169' title='bbox 680 1797 834 1835; x_wconf 83' lang='lat' dir='ltr'>latravit</span> <span class='ocrx_word' id='word_1_170' title='bbox 862 1796 903 1834; x_wconf 92' lang='lat' dir='ltr'>in</span> <span class='ocrx_word' id='word_1_171' title='bbox 931 1798 1032 1843; x_wconf 84' lang='lat' dir='ltr'>aula,</span> 
     </span>
     <span class='ocr_line' id='line_1_26' title="bbox 78 1860 1088 1911; baseline -0.003 -10"><span class='ocrx_word' id='word_1_172' title='bbox 78 1862 219 1901; x_wconf 85' lang='lat' dir='ltr'>militat</span> <span class='ocrx_word' id='word_1_173' title='bbox 246 1862 286 1900; x_wconf 91' lang='lat' dir='ltr'>in</span> <span class='ocrx_word' id='word_1_174' title='bbox 316 1861 419 1901; x_wconf 90' lang='lat' dir='ltr'>silvis</span> <span class='ocrx_word' id='word_1_175' title='bbox 448 1863 608 1900; x_wconf 87' lang='lat' dir='ltr'>catulus.</span> <span class='ocrx_word' id='word_1_176' title='bbox 668 1863 706 1900; x_wconf 92' lang='lat' dir='ltr'>N</span> <span class='ocrx_word' id='word_1_177' title='bbox 711 1875 788 1899; x_wconf 90' lang='lat' dir='ltr'>unc</span> <span class='ocrx_word' id='word_1_178' title='bbox 816 1860 962 1900; x_wconf 77' lang='lat' dir='ltr'>adhibe</span> <span class='ocrx_word' id='word_1_179' title='bbox 989 1874 1088 1911; x_wconf 90' lang='lat' dir='ltr'>puro</span> 
     </span>
     <span class='ocr_line' id='line_1_27' title="bbox 78 1925 1112 1978; baseline -0.003 -12"><span class='ocrx_word' id='word_1_180' title='bbox 78 1934 238 1978; x_wconf 88' lang='lat' dir='ltr'>pectore</span> <span class='ocrx_word' id='word_1_181' title='bbox 265 1928 385 1966; x_wconf 88' lang='lat' dir='ltr'>verba</span> <span class='ocrx_word' id='word_1_182' title='bbox 412 1940 519 1977; x_wconf 89' lang='lat' dir='ltr'>puer,</span> <span class='ocrx_word' id='word_1_183' title='bbox 550 1939 657 1965; x_wconf 89' lang='lat' dir='ltr'>nune</span> <span class='ocrx_word' id='word_1_184' title='bbox 685 1933 725 1965; x_wconf 90' lang='lat' dir='ltr'>te</span> <span class='ocrx_word' id='word_1_185' title='bbox 754 1925 980 1965; x_wconf 83' lang='lat' dir='ltr'>melioribus</span> <span class='ocrx_word' id='word_1_186' title='bbox 1008 1927 1112 1965; x_wconf 81' lang='lat' dir='ltr'>offer.</span> 
     </span>
     <span class='ocr_line' id='line_1_28' title="bbox 407 1998 1090 2033; baseline -0.006 -4.879"><span class='ocrx_word' id='word_1_187' title='bbox 407 1998 514 2033; x_wconf 39' lang='grc' dir='ltr'>ιβ’</span> <span class='ocrx_word' id='word_1_188' title='bbox 952 2010 1090 2021; x_wconf 44' lang='lat' dir='ltr'>-rw</span> 
     </span>
    </p>

    <p class='ocr_par' dir='ltr' id='par_1_12' title="bbox 68 2057 1271 2270">
     <span class='ocr_line' id='line_1_29' title="bbox 143 2057 1269 2103; baseline -0.004 -9"><span class='ocrx_word' id='word_1_189' title='bbox 143 2061 194 2102; x_wconf 85' lang='lat'>46.</span> <span class='ocrx_word' id='word_1_190' title='bbox 239 2062 398 2103; x_wconf 75' lang='lat' dir='ltr'>contingzt</span> <span class='ocrx_word' id='word_1_191' title='bbox 412 2061 488 2103; x_wconf 83' lang='grc' dir='ltr'>αβγ’</span> <span class='ocrx_word' id='word_1_192' title='bbox 502 2062 663 2094; x_wconf 88' lang='lat' dir='ltr'><strong>BOKM:</strong></span> <span class='ocrx_word' id='word_1_193' title='bbox 692 2061 830 2103; x_wconf 73' lang='lat' dir='ltr'>contigit</span> <span class='ocrx_word' id='word_1_194' title='bbox 843 2061 871 2092; x_wconf 82' lang='lat' dir='ltr'>is</span> <span class='ocrx_word' id='word_1_195' title='bbox 885 2061 928 2092; x_wconf 91' lang='lat' dir='ltr'>V.</span> <span class='ocrx_word' id='word_1_196' title='bbox 1017 2061 1070 2100; x_wconf 90' lang='lat'>48.</span> <span class='ocrx_word' id='word_1_197' title='bbox 1104 2059 1213 2101; x_wconf 78' lang='lat' dir='ltr'>febris</span> <span class='ocrx_word' id='word_1_198' title='bbox 1227 2057 1269 2099; x_wconf 72' lang='grc' dir='ltr'>γ’,</span> 
     </span>
     <span class='ocr_line' id='line_1_30' title="bbox 68 2115 1271 2159; baseline -0.003 -10"><span class='ocrx_word' id='word_1_199' title='bbox 68 2117 176 2159; x_wconf 76' lang='lat' dir='ltr'>fibres</span> <span class='ocrx_word' id='word_1_200' title='bbox 190 2115 254 2158; x_wconf 81' lang='grc' dir='ltr'>βὙ”</span> <span class='ocrx_word' id='word_1_201' title='bbox 265 2129 274 2150; x_wconf 74' lang='lat' dir='ltr'><strong><em>z</em></strong></span> <span class='ocrx_word' id='word_1_202' title='bbox 293 2117 417 2158; x_wconf 77' lang='lat' dir='ltr'>fibrem</span> <span class='ocrx_word' id='word_1_203' title='bbox 434 2129 465 2148; x_wconf 89' lang='grc' dir='ltr'>α.</span> <span class='ocrx_word' id='word_1_204' title='bbox 539 2127 589 2158; x_wconf 85' lang='lat'>52.</span> <span class='ocrx_word' id='word_1_205' title='bbox 631 2117 815 2159; x_wconf 75' lang='lat' dir='ltr'>podagram</span> <span class='ocrx_word' id='word_1_206' title='bbox 832 2115 867 2146; x_wconf 91' lang='grc' dir='ltr'>ω’</span> <span class='ocrx_word' id='word_1_207' title='bbox 887 2115 1013 2147; x_wconf 82' lang='lat' dir='ltr'>KOM:</span> <span class='ocrx_word' id='word_1_208' title='bbox 1030 2115 1215 2156; x_wconf 75' lang='lat' dir='ltr'>podagrum</span> <span class='ocrx_word' id='word_1_209' title='bbox 1233 2115 1271 2145; x_wconf 87' lang='lat' dir='ltr'>B.</span> 
     </span>
     <span class='ocr_line' id='line_1_31' title="bbox 81 2168 1270 2214; baseline -0.003 -11"><span class='ocrx_word' id='word_1_210' title='bbox 81 2182 131 2214; x_wconf 80' lang='lat'>59.</span> <span class='ocrx_word' id='word_1_211' title='bbox 179 2172 249 2203; x_wconf 83' lang='lat' dir='ltr'>irae</span> <span class='ocrx_word' id='word_1_212' title='bbox 263 2170 357 2212; x_wconf 59' lang='grc' dir='ltr'>αβΫε</span> <span class='ocrx_word' id='word_1_213' title='bbox 390 2172 479 2204; x_wconf 83' lang='lat' dir='ltr'>iram</span> <span class='ocrx_word' id='word_1_214' title='bbox 493 2171 543 2211; x_wconf 70' lang='grc' dir='ltr'>’γ”.</span> <span class='ocrx_word' id='word_1_215' title='bbox 635 2171 688 2213; x_wconf 83' lang='grc'>63.</span> <span class='ocrx_word' id='word_1_216' title='bbox 734 2176 847 2204; x_wconf 77' lang='lat' dir='ltr'>catena</span> <span class='ocrx_word' id='word_1_217' title='bbox 865 2183 930 2211; x_wconf 69' lang='grc' dir='ltr'>α’γε</span> <span class='ocrx_word' id='word_1_218' title='bbox 960 2170 1082 2202; x_wconf 75' lang='lat' dir='ltr'>calctzz&#39;s</span> <span class='ocrx_word' id='word_1_219' title='bbox 1096 2171 1130 2211; x_wconf 86' lang='grc' dir='ltr'>β.</span> <span class='ocrx_word' id='word_1_220' title='bbox 1218 2168 1237 2201; x_wconf 87' lang='grc'>6</span> <span class='ocrx_word' id='word_1_221' title='bbox 1242 2180 1270 2209; x_wconf 76' lang='grc'>5.</span> 
     </span>
     <span class='ocr_line' id='line_1_32' title="bbox 79 2225 515 2270; baseline -0.002 -11"><span class='ocrx_word' id='word_1_222' title='bbox 79 2238 146 2270; x_wconf 85' lang='lat' dir='ltr'>qua</span> <span class='ocrx_word' id='word_1_223' title='bbox 162 2227 318 2260; x_wconf 86' lang='lat' dir='ltr'><strong>BOKM:</strong></span> <span class='ocrx_word' id='word_1_224' title='bbox 348 2237 448 2269; x_wconf 84' lang='lat' dir='ltr'>quam</span> <span class='ocrx_word' id='word_1_225' title='bbox 465 2225 515 2258; x_wconf 89' lang='grc' dir='ltr'>ω’.</span> 
     </span>
    </p>
   </div>
   <div class='ocr_carea' id='block_1_5' title="bbox 126 1061 232 1068">
    <p class='ocr_par' dir='ltr' id='par_1_13' title="bbox 126 1061 232 1068">
     <span class='ocr_line' id='line_1_33' title="bbox 126 1061 232 1068; baseline 0 1380"><span class='ocrx_word' id='word_1_226' title='bbox 126 1061 232 1068; x_wconf 95' lang='lat' dir='ltr'> </span> 
     </span>
    </p>
   </div>
  </div>
 </body>
</html>
