1461 2448
102 176 109 222 ἱ

147 105 260 143 XIX.
281 100 359 156 15.]
467 103 582 142 ΠΒ.
611 102 646 142 J.
684 103 869 141 EPJSD
900 103 1017 139 XIX.
1290 111 1339 147 39

149 205 220 243 Me
247 201 428 254 quotiens
455 200 578 241 reficit
604 201 757 252 gelidus
787 199 972 251 Digentia
1000 199 1114 248 rivus,

147 280 266 317 quem
297 268 490 306 Mandela
516 267 628 314 bibit,
657 279 821 316 rugosus
849 266 988 315 frigore
1017 277 1152 314 pagus,
1232 276 1336 313 1105

147 329 244 381 quid
271 330 415 371 sentire
443 338 570 381 putas,
601 331 697 380 quid
725 329 863 376 credis,
893 330 1029 375 amice,
1060 327 1252 379 precari?

151 394 225 435 ‘Sit
243 394 339 434 mihi
359 397 469 445 quod
488 408 595 434 nunc
614 402 684 441 est,
705 394 824 433 etiam
844 394 985 441 minus,
1007 400 1049 431 ut
1069 392 1165 430 mihi
1185 391 1312 429 vivam

146 461 256 510 quod
284 468 462 511 superest
488 460 586 508 aevi,
617 459 746 510 siquid
774 472 977 509 superesse
1004 459 1142 497 volunt
1171 458 1231 497 di:

146 525 194 564 sit
222 526 329 564 bona
356 525 543 564 librorum
572 532 611 564 et
639 524 818 575 provisae
846 524 963 574 frugis
992 523 1033 561 in
1062 536 1211 561 annum

145 590 274 640 copia,
305 603 383 629 neu
410 590 560 630 fluitem
589 590 733 629 dubiae
762 603 830 640 spe
859 590 1053 640 pendulus
1081 589 1209 627 horae.
1265 602 1338 626 110

146 656 224 695 Sed
253 655 346 695 satis
375 663 434 695 est
462 668 573 695 orare
602 657 754 703 Iovem,
783 667 884 704 quae
913 654 1023 704 ponit
1054 661 1091 692 et
1120 655 1254 701 aufert,

146 723 213 761 det
231 720 363 770 vitam,
383 721 451 760 det
471 733 585 772 opes;
604 733 775 771 aequum
796 721 849 758 mi
868 720 1043 758 animum
1063 719 1146 770 ipse
1166 720 1338 770 parabo.²

660 961 822 1029 ‘Qu'

146 1059 281 1099 Prisco
310 1058 341 1099 si
371 1059 509 1107 credis,
540 1061 754 1099 Maecenas
782 1060 911 1106 docte,
942 1058 1117 1111 Cratino,
1152 1077 1157 1082 ¹

145 1127 251 1164 nulla
277 1127 432 1176 plaeere
461 1126 528 1164 diu
556 1114 631 1164 nec
657 1126 785 1164 vivere
814 1125 987 1163 carmina
1014 1132 1179 1176 possunt

145 1204 246 1242 quae
274 1191 493 1230 scribuntur
520 1204 645 1240 aquae
673 1191 886 1241 potoribus.
946 1193 1004 1230 Ut
1032 1193 1135 1231 male
1163 1205 1279 1230 sanos

145 1256 352 1306 adscripsit
381 1256 499 1294 Liber
527 1255 661 1305 satyris
690 1255 896 1305 faunisque
924 1264 1074 1305 poetas,

143 1320 235 1358 vina
263 1321 342 1359 fere
371 1321 504 1359 dulces
534 1322 714 1359 oluerunt
743 1334 859 1359 mane
888 1322 1100 1360 Camenae.
1315 1332 1334 1370 5

145 1384 346 1424 Laudibus
375 1386 546 1435 arguitur
572 1385 653 1424 vini
681 1386 838 1424 vinosus
870 1388 1096 1426 Homerus:

145 1450 296 1488 Ennius
323 1450 407 1500 ipse
436 1458 548 1500 pater
576 1464 792 1500 numquam
821 1451 896 1489 nisi
925 1459 1041 1501 potus
1070 1451 1120 1490 ad
1149 1465 1255 1490 arma

143 1515 320 1565 prosiluit
347 1515 526 1555 dicenda.
587 1516 747 1554 ‘Foru'm
778 1518 991 1568 putealque
1020 1517 1184 1557 Libonis
1204 1544 1227 1555 θ’

143 1581 343 1619 mandabo
372 1580 497 1628 siccis,
527 1581 699 1619 adimam
727 1570 885 1620 cantare
914 1582 1082 1621 severis?

145 1645 240 1683 Hoc
268 1644 383 1683 simul
413 1645 528 1693 edixi,
559 1659 639 1684 non
665 1660 866 1686 cessavere
894 1655 1038 1697 poetae
1290 1663 1336 1686 10

142 1717 336 1749 nocturno
364 1718 510 1750 certare
538 1725 659 1760 mero,
690 1720 826 1762 putere
854 1712 1004 1752 diurno.

143 1773 276 1823 Quid?
304 1774 424 1825 siquis
451 1776 560 1815 voltu
589 1783 700 1816 torvo
729 1778 832 1816 ferus
862 1785 899 1817 et
927 1778 1030 1828 pede
1059 1778 1170 1817 nudo

143 1838 383 1889 exiguaeque
410 1847 526 1890 togae
554 1840 710 1878 simulet
738 1848 888 1880 textore
918 1843 1123 1891 Catonem,

142 1900 378 1940 virtutemne
406 1911 672 1952 repraesentet
700 1917 907 1954 moresque
936 1894 1126 1946 Catonis?

143 1965 268 2016 Rupit
297 1966 485 2006 Iarbitam
514 1968 739 2019 Timagenis
767 1972 923 2009 aemula
949 1971 1093 2022 lingua,
1290 1988 1332 2024 15

212 2103 283 2136 107.
326 2099 366 2127 ut
388 2100 419 2128 ς·
444 2097 498 2128 K:
529 2101 558 2128 et
584 2101 616 2130 ς·
641 2099 753 2131 ΟΒΜ.
845 2110 916 2132 110.
962 2111 1026 2132 neu
1050 2099 1083 2132 ω’
1098 2101 1252 2134 ΟΒΚΜ;
1284 2115 1331 2135 ne.

148 2159 218 2182 111.
262 2152 446 2192 quaepom't
462 2156 493 2183 s‘
507 2152 564 2184 M:
594 2153 762 2194 quipom't
777 2157 807 2185 S·
823 2155 880 2185 M:
911 2166 993 2196 quae
1007 2156 1107 2188 donat
1124 2161 1153 2188 ς·
1169 2158 1246 2190 ΟΚ.

208 2205 409 2240 XIX.—10.
456 2207 546 2239 edixi
558 2209 606 2248 βγ
622 2208 778 2241 BOKM:
803 2209 903 2240 edixit
920 2220 952 2241 α.
