1461 2448
89 147 159 185 VI.
183 144 237 198 9.]
569 143 758 182 LIBER
784 143 818 181 J.
1234 153 1278 188 13

92 259 182 296 spes
209 245 318 284 iubet
346 256 432 282 esse
460 251 574 290 ratas,
604 243 655 281 ad
683 240 831 291 proelia
859 240 978 279 trudit
1006 239 1184 287 inertem,

91 309 266 349 sollicitis
294 308 434 348 animis
462 321 563 347 onus
592 307 738 354 eximit,
768 307 939 344 addocet
967 305 1068 344 artis.

91 373 271 414 Fecundi
298 372 441 412 calices
470 385 588 422 quem
617 384 698 410 non
726 372 853 409 fecere
882 369 1096 408 disertum?

91 444 290 477 contracta
317 450 436 487 quern
465 449 546 475 non
574 436 615 474 in
643 442 873 485 paupertate
902 435 1101 472 solutum?
1235 449 1282 471 20

92 504 208 541 Haec
236 514 308 552 ego
336 513 541 551 procurare
570 507 609 539 et
636 500 801 538 idoneus
830 498 1002 549 imperor
1030 506 1070 537 et
1098 511 1178 537 non

89 566 245 613 invitus,
275 578 324 604 ne
353 572 466 615 turpe
495 566 604 612 toral,
635 577 686 603 ne
715 563 874 602 sordida
902 577 1049 613 mappa

91 637 267 680 corruget
295 629 410 677 naris,
440 642 491 668 ne
519 642 601 667 non
630 635 669 667 et
698 629 906 666 cantharus
935 635 974 666 et
1003 629 1095 666 lanx

91 695 274 734 ostendat
302 694 374 733 tibi
402 701 453 741 te,
482 707 533 732 ne
562 694 663 732 fidos
691 693 792 731 inter
820 692 968 731 amicos

91 759 140 799 sit
167 760 235 810 qui
263 759 370 798 dicta
397 760 499 797 foras
527 758 714 804 eliminet,
744 765 787 795 ut
815 765 929 796 coeat
957 770 1028 807 par
1235 772 1252 795 2
1262 770 1280 808 5

91 825 350 875 iungaturque
377 824 469 874 pari.
530 825 690 862 Butram
719 822 791 862 tibi
820 822 1116 873 Septiciumque

91 896 130 928 et
158 888 232 927 nisi
260 902 359 927 cena
386 888 492 938 prior
519 888 730 938 potiorque
758 889 888 937 puella
916 887 1108 926 Sabinum

92 952 242 992 detinet
269 953 485 991 adsumam.
544 953 673 991 Locus
703 959 761 990 est
790 959 828 991 et
857 952 1033 1002 pluribus
1062 952 1228 991 umbris:

92 1018 162 1057 sed
188 1017 304 1056 nimis
332 1025 416 1056 arta
442 1025 628 1067 premunt
657 1017 786 1056 olidae
814 1017 995 1056 convivia
1022 1031 1172 1067 caprae.

73 1085 155 1145 (Tu
183 1089 325 1133 quotus
354 1095 439 1121 esse
466 1082 562 1121 velis
591 1074 759 1121 fescribe
787 1090 827 1121 et
853 1083 969 1121 rebus
999 1083 1152 1122 omissis
1204 1096 1208 1115 ν
1233 1097 1283 1133 30

71 1148 189 1188 'atria
216 1156 435 1188 servantem
462 1147 618 1198 postico
647 1149 736 1187 falle
765 1147 958 1187 clientem.

646 1356 718 1393 VI.

96 1452 163 1491 Nil
190 1451 372 1491 admirari
399 1466 522 1504 prope
550 1466 610 1491 res
640 1461 698 1492 est
727 1467 814 1501 una,
847 1453 1016 1502 Numici,

94 1518 255 1567 solaque
284 1531 387 1567 quae
414 1517 537 1568 possit
564 1519 692 1557 facere
721 1526 760 1557 et
788 1532 939 1558 servare
969 1520 1137 1559 beatum.

95 1583 217 1620 Hunc
246 1583 369 1620 solem
399 1589 437 1620 et
465 1583 596 1621 stellas
625 1590 664 1621 et
693 1584 928 1622 decedentia
956 1584 1070 1623 certis

93 1653 271 1696 tempora
298 1645 508 1685 momentis
537 1654 626 1685 sunt
655 1647 722 1697 qui
749 1648 960 1688 formidine
987 1651 1096 1688 nulla

93 1709 234 1748 imbuti
261 1718 450 1760 spectent.
508 1711 614 1760 Quid
643 1725 779 1751 censes
808 1727 972 1752 munera
999 1717 1151 1754 terrae?
1262 1728 1281 1765 5

95 1775 190 1825 quid
217 1775 334 1814 maris
363 1783 558 1815 extremos
587 1778 738 1816 Arabas
767 1778 928 1818 ditantis
956 1786 995 1818 et
1025 1781 1179 1819 Indos?

93 1840 243 1879 ludicra
270 1840 379 1890 quid,
408 1841 568 1890 plausus
597 1849 637 1880 et
664 1842 781 1881 amici
809 1844 917 1882 dona
946 1844 1136 1893 Quiritis?

95 1917 174 1954 quo
203 1906 418 1955 spectanda
447 1907 581 1953 modo,
612 1920 691 1956 quo
720 1921 837 1946 sensu
867 1908 991 1946 credis
1021 1916 1059 1947 et
1088 1912 1178 1948 ore?

97 1968 176 2018 Qui
203 1969 315 2008 timet
342 1969 401 2008 his
430 1971 604 2018 adversa,
634 1973 714 2010 fere
742 1971 901 2010 miratur
929 1973 1072 2011 eodem

163 2086 212 2119 17.
256 2079 392 2113 inertem
420 2080 477 2122 β’γ
505 2081 642 2114 ΒΟΚΜ
657 2094 665 2114 :
709 2082 865 2114 z'nemnem
896 2081 966 2124 αβ”.
1062 2091 1111 2123 19.
1145 2083 1286 2125 secundi

95 2133 189 2175 α’βΎ
204 2133 363 2166 BOKM:
383 2135 529 2177 facundi
542 2135 672 2176 α”β”Ὑ”.
762 2136 813 2169 26.
858 2137 1286 2180 Butram...Sffitz'clumque

96 2192 127 2220 5‘
141 2188 278 2220 BOKM
292 2200 300 2220 z
316 2189 463 2221 Brutum
480 2191 743 2232 Ssptimiumque.
842 2191 894 2222 28,
939 2190 1110 2222 adsumam
1127 2191 1284 2224 BOKM:

95 2247 138 2275 ad
151 2254 315 2275 summam
333 2242 377 2275 ω’.
