1461 2448
139 145 190 189 48
366 140 610 182 HORATI
637 139 1084 178 EPISTULARUM
1130 136 1179 189 [Ι.
1206 151 1333 187 132—-

141 238 269 279 Castis
297 252 386 277 cum
414 236 543 287 pueris
571 235 705 287 ignara
732 236 865 286 puella
892 233 1019 273 mariti

139 304 307 342 disceret
334 304 442 340 unde
470 314 618 351 preces,
648 307 778 338 vatem
807 299 849 337 ni
875 312 986 337 musa
1014 277 1216 338 dedisset?

140 368 273 407 Poscit
302 381 418 417 opem
448 368 589 404 chorus
620 372 659 403 et
685 363 906 414 praesentia
933 363 1095 401 numina
1123 363 1252 410 sentit,

140 431 317 471 caelestis
344 431 526 480 implorat
554 442 675 478 aquas
704 429 822 467 docta
850 439 966 477 prece
995 427 1173 473 blandus,
1263 437 1333 475 135

141 497 279 536 avertit
307 498 477 543 morbos,
509 495 723 533 metuenda
750 493 925 543 pericula
953 491 1075 542 pellit,

142 560 323 610 impetrat
353 567 391 598 et
420 572 562 609 pacem
591 566 630 597 et
657 559 896 608 locupletem
925 557 1096 606 frugibus
1125 569 1286 594 annum.

144 626 327 665 Carmine
356 625 397 664 di
427 624 556 673 superi
584 626 799 674 placantur,
830 621 1003 660 carmine
1031 634 1179 660 manes.

143 690 350 739 Agricolae
379 689 506 738 prisci,
536 690 655 727 fortes
685 700 885 737 parvoque
914 687 1031 733 beati,

144 755 306 794 condita
333 762 424 804 post
452 756 647 792 frumenta
675 755 848 791 levantes
877 760 1053 801 tempore
1081 752 1181 790 festo
1269 764 1341 798 140

144 835 285 872 corpus
315 829 354 859 et
382 820 510 870 ipsum
539 819 716 858 animum
746 832 816 868 spe
845 817 932 855 finis
961 818 1058 855 dura
1086 818 1275 855 ferentem

145 900 236 925 cum
266 885 380 924 sociis
409 897 575 934 operum
604 883 736 933 pueris
765 891 803 922 et
832 883 998 933 coniuge
1026 883 1116 930 fida,

145 951 346 990 Tellurem
374 962 508 999 porco,
540 948 738 986 Silvanum
768 949 868 986 lacte
896 948 1070 997 piabant,

147 1013 308 1052 fioribus
336 1019 374 1050 et
402 1012 494 1050 vino
524 1011 695 1050 Genium
723 1024 938 1050 memorem
968 1009 1093 1048 brevis
1122 1007 1217 1047 aevi.

148 1076 395 1116 Fescennina
422 1089 492 1126 per
519 1078 625 1114 hunc
653 1076 813 1114 inventa
840 1075 999 1114 licentia
1027 1088 1178 1114 morem
1274 1087 1342 1122 145

148 1141 323 1180 versibus
352 1140 509 1179 alternis
539 1142 750 1190 opprobria
777 1141 920 1179 rustica
948 1140 1060 1186 fudit,

149 1207 385 1255 libertasque
414 1206 646 1244 recurrentis
675 1214 841 1255 accepta
868 1219 937 1255 per
964 1218 1090 1243 annos

150 1270 242 1307 lusit
271 1267 500 1315 amabiliter,
530 1269 661 1306 donec
690 1268 767 1306 iam
797 1281 935 1306 saevus
964 1276 1140 1317 apertam

151 1335 201 1386 in
221 1334 369 1371 rabiem
399 1331 528 1382 coepit
558 1332 655 1371 verti
683 1332 793 1371 iocus
823 1341 862 1371 et
890 1347 959 1383 per
987 1334 1170 1371 honestas

153 1398 208 1436 ire
237 1398 378 1436 domos
407 1395 567 1445 impune
596 1396 737 1435 minax.
797 1399 970 1436 Doluere
999 1409 1162 1435 cruento
1277 1408 1351 1445 150

155 1464 275 1501 dente
302 1460 492 1499 lacessiti:
523 1461 594 1498 fuit
622 1460 779 1499 intactis
809 1475 966 1511 quoque
995 1475 1087 1499 cura

155 1526 391 1566 condicione
420 1538 538 1574 super
565 1525 792 1564 communi:
828 1526 923 1575 quin
952 1526 1070 1565 etiam
1099 1527 1162 1564 lex

156 1603 366 1642 poenaque
394 1590 473 1627 lata
500 1590 605 1627 malo
634 1603 735 1639 quae
763 1592 885 1630 nollet
914 1591 1084 1629 carmine
1113 1603 1352 1639 quemquam

159 1654 335 1694 describi.
394 1655 556 1691 Vertere
585 1655 761 1701 modum,
791 1654 1000 1693 formidine
1027 1654 1138 1692 fustis

158 1722 210 1759 ad
239 1721 340 1757 bene
368 1718 582 1756 dicendum
612 1719 971 1768 delectandumque
1000 1718 1156 1757 redacti.
1282 1727 1352 1766 155

161 1784 326 1824 Graecia
354 1792 468 1832 capta
497 1785 620 1821 ferum
648 1782 836 1821 victorem
866 1784 970 1832 cepit
999 1790 1037 1821 et
1065 1782 1156 1820 artis

161 1849 290 1888 intulit
318 1846 459 1897 agresti
489 1847 613 1885 Latio.
672 1847 735 1886 Sic
765 1847 942 1886 horridus
972 1847 1036 1885 ille

163 1912 324 1952 defluxit
353 1925 536 1950 numerus
565 1912 766 1950 Saturnius
796 1920 833 1951 et
862 1925 977 1961 grave
1005 1911 1107 1949 virus

164 1977 382 2016 munditiae
412 1978 620 2026 pepulere:
655 1977 725 2014 sed
753 1976 792 2014 in
821 1977 981 2026 longum
1011 1983 1143 2013 tamen
1171 1988 1309 2013 aevum

164 2047 392 2080 manserunt
420 2040 615 2089 hodieque
645 2047 806 2078 manent
835 2039 996 2089 vestigia
1023 2039 1128 2076 ruris,
1286 2039 1358 2075 160

167 2108 281 2145 Serus
310 2105 415 2144 enim
444 2104 604 2143 Graecis
633 2104 808 2142 admovit
837 2103 1019 2141 acumina
1047 2101 1188 2140 chartis

169 2179 208 2211 et
234 2177 325 2221 post
354 2168 503 2207 Punica
531 2169 632 2206 bella
659 2168 812 2217 quietus
841 2179 1024 2216 quaerere
1051 2166 1185 2215 coepit

369 2255 439 2286 145.
484 2245 617 2275 inventa
641 2244 774 2275 wOMK
800 2256 808 2276 z
832 2243 957 2275 invecta
981 2243 1019 2273 Β.
