1461 2448
102 118 211 172 434]
398 121 488 158 DE
523 122 689 160 ARTE
724 122 1000 163 POETICA.
1252 138 1298 177 75

101 219 234 259 Pieriis
264 227 456 271 temptata
484 222 612 260 modis
627 234 638 269 3
667 222 861 271 ludusque
890 230 1066 272 repertus
1221 236 1295 274 405

101 291 141 323 et
167 285 376 335 longorum
405 298 569 336 operum
597 286 709 324 finis:
737 300 788 326 ne
815 288 915 326 forte
943 287 1085 337 pudori

0 352 30 382 ά
46 339 90 405 [ἶ
101 349 150 388 sit
177 349 249 389 tibi
279 352 398 389 Musa
425 352 530 401 lyrae
559 353 695 403 soll—ers
724 359 763 391 et
792 360 929 391 cantor
958 354 1115 402 Apollo.

102 415 252 453 Natura
279 416 388 454 fieret
416 417 614 456 laudabile
643 430 801 455 carmen
829 430 880 455 an
909 425 990 456 arte
1040 442 1043 445 ‹

92 479 322 528 *quaesitum
352 488 431 519 est:
463 493 536 530 ego
566 494 640 519 nec
669 481 841 519 studium
871 481 954 520 sine
984 482 1104 521 divite
1134 496 1234 521 vena

100 557 174 582 nec
193 545 290 583 rude
310 545 405 594 quid
426 545 547 595 prosit
566 546 683 584 video
703 545 903 595 ingenium
917 560 928 594 3
957 547 1114 585 alterius
1135 537 1206 585 SE?
1219 562 1296 596 410

100 610 221 648 altera
248 610 375 659 poscit
403 624 519 660 opem
549 624 609 649 res
639 618 677 649 et
706 611 883 650 coniurat
911 612 1048 651 amice.

101 675 180 724 Qui
210 677 341 714 studet
370 685 547 726 optatam
576 689 690 715 cursu
720 676 946 728 contingere
975 686 1122 717 metam

99 742 223 779 multa
251 742 337 780 tulit
364 741 534 791 fecitque
564 755 674 791 puer,
704 742 859 780 sudavit
887 750 926 781 et
954 743 1054 794 alsit,

99 806 288 845 abstinuit
316 820 457 846 venere
486 815 524 845 et
555 806 672 854 vin03
711 806 778 856 qui
806 807 945 857 Pythia
973 815 1105 848 cantat

97 871 247 911 tibicen
276 871 414 910 didicit
442 872 548 921 prius
577 871 834 921 extimuitque
864 873 1102 923 magistrum.
1218 886 1291 924 415

100 937 218 974 Nunc
247 936 340 975 satis
368 943 427 974 est
455 935 624 975 dixisse:
665 938 774 986 ‘Ego
803 936 900 974 mira
928 926 1113 986 poemata
1141 951 1295 990 pangm
1322 954 1324 957 ·

55 991 269 1075 ‘TN-‘occupet
298 1009 515 1039 extremum
544 1000 721 1048 scabies3
750 1001 844 1039 mihi
874 1010 986 1052 turpe
1014 1003 1181 1053 relinqui
1211 1011 1268 1042 est

99 1073 138 1104 et
166 1054 274 1115 quod
302 1079 383 1104 non
413 1065 533 1104 didici
562 1079 656 1105 sane
684 1067 835 1105 nescire
864 1067 997 1107 fateri?

99 1132 156 1170 Ut
185 1144 338 1180 praeco,
369 1132 421 1170 ad
448 1144 598 1170 merces
627 1133 782 1170 turbam
812 1132 878 1181 qui
906 1132 1011 1182 cogit
1039 1135 1240 1181 emendas,

99 1198 370 1235 adsentatores
399 1196 509 1235 iubet
538 1199 589 1236 ad
618 1199 769 1235 lucrum
799 1197 853 1236 ire
881 1201 1001 1248 poeta
1218 1214 1293 1247 420

99 1261 208 1300 dives
237 1262 347 1311 agris,
377 1262 486 1301 dives
516 1262 653 1311 positis
682 1262 722 1300 in
751 1264 910 1301 faenore
939 1263 1120 1325 nummis
1146 1313 1149 1315 ‚

99 1327 138 1365 Si
166 1341 232 1366 vre
235 1341 258 1366 o
288 1324 356 1371 est(
375 1335 538 1366 unctum
568 1327 637 1377 qui
665 1334 771 1366 recte
799 1341 946 1378 ponere
974 1316 1144 1379 possit

98 1401 138 1433 et
167 1395 361 1452 sleere
390 1393 466 1432 levi
494 1407 565 1444 pro
594 1407 767 1444 paupere
796 1402 834 1433 et
864 1394 1013 1444 eripere
1041 1395 1132 1433 atris

94 1458 229 1496 litibus
259 1458 505 1508 implicitum,
536 1458 708 1496 mirabor
736 1458 768 1496 si
796 1458 892 1497 sciet
922 1459 1022 1497 inter

96 1535 259 1562 noscere
288 1523 522 1560 mendacem
549 1535 764 1572 verumque
792 1523 929 1561 beatus
958 1522 1140 1560 amicum.
1216 1536 1289 1573 425

96 1590 159 1626 Tu
189 1600 258 1625 seu
287 1586 445 1625 donaris
475 1599 543 1624 seu
573 1586 668 1635 quid
696 1587 843 1625 donare
872 1588 980 1625 voles
1009 1587 1083 1634 cui,

96 1653 220 1692 nolito
249 1653 300 1691 ad
328 1665 460 1690 versus
489 1651 560 1690 tibi
589 1653 713 1690 factos
743 1652 886 1691 ducere
915 1653 1078 1701 plenum

96 1716 290 1765 laetitiae3
318 1716 503 1755 clamabit
532 1716 637 1754 enim
669 1717 878 1766 ‘pulchrel
908 1717 1034 1755 bene!
1063 1726 1168 1755 recte
1186 1717 1211 1756 1’

98 1782 435 1835 Pallescetfiuper
463 1780 541 1830 his5
565 1780 685 1819 etiam
714 1780 874 1819 stillabit
901 1781 1037 1819 amicis

96 1861 146 1886 ex
173 1836 303 1885 oculis
324 1859 463 1893 rorem,
494 1845 615 1893 saliet,
646 1847 788 1884 tundet
814 1846 916 1895 pede
946 1854 1097 1884 terram.
1214 1858 1291 1894 430

97 1913 154 1951 Ut
182 1911 250 1960 qui
278 1911 466 1966 coQiucti
494 1912 651 1960 plorant
680 1910 720 1949 in
748 1912 886 1949 funere
915 1911 1051 1949 dicunt

96 1985 134 2016 et
161 1976 308 2015 faciunt
335 1965 457 2026 prope
486 1978 597 2026 plura
625 1976 850 2014 dolentibus
880 1990 926 2014 ex
954 1976 1097 2023 animo,
1130 1975 1185 2013 sic

95 2041 244 2080 derisor
269 2054 362 2079 vero
391 2043 479 2090 plus
508 2042 710 2080 laudatore
740 2049 927 2079 movetur.

97 2109 226 2157 Reges
255 2106 439 2144 dicuntur
466 2106 598 2144 multis
627 2118 763 2156 urgere
792 2106 932 2143 culillis

160 2205 232 2235 410.
278 2194 382 2235 prosit
397 2192 424 2224 ω’
432 2195 482 2226 K:
499 2194 601 2235 possit
616 2195 726 2227 BOM.
902 2192 976 2234 416.
1024 2204 1114 2224 mmc
1130 2191 1214 2226 w'K:
1238 2204 1293 2225 nec

96 2249 207 2282 BOM.
253 2258 319 2280 non
335 2249 432 2280 Rern.
559 2259 597 2288 4²
605 2259 633 2289 3.
681 2248 765 2279 atris
781 2246 940 2280 w'OKM:
964 2249 1048 2279 artis
1066 2248 1104 2279 B.
