1461 2448
117 123 139 157 6
353 119 520 158 HORA
530 119 597 156 TI
623 119 1065 159 EPISTULARUM
1135 117 1183 172 [Ι.
1205 132 1309 169 74—

115 217 319 268 respondit
345 219 532 257 referam:
564 217 677 267 ‘quia
705 232 769 256 me
796 218 959 268 vestigia
986 225 1142 266 terrent,

116 283 250 322 omnia
277 290 316 322 te
345 284 552 322 adversum
581 283 805 332 spectantia,
838 285 945 322 nulla
972 284 1203 321 retrorsum.’
1257 294 1302 333 75

116 350 239 388 Belua
266 349 478 386 multorum
507 360 548 386 es
576 347 762 397 capitum.
815 349 919 385 Nam
948 348 1042 398 quid
1071 361 1211 398 sequar
1240 357 1306 387 aut

224 414 370 462 quem?

116 491 205 527 pars
233 477 437 516 hominum
465 477 580 526 gestit
608 478 832 531 conducere
858 476 1038 526 publiea3
1067 484 1158 515 sunt
1186 477 1252 527 qui

115 543 242 580 frustis
272 549 309 580 et
336 541 464 591 pomis
492 542 628 579 viduas
656 530 846 579 {ferientur
874 533 1020 589 avaras,

115 606 387 656 excipiantque
416 620 528 645 senes
557 619 655 655 quos
684 605 724 643 in
752 605 895 644 vivaria
923 605 1101 654 mittant3

115 672 247 711 multis
276 673 432 710 occulto
460 671 598 709 crescit
625 684 684 709 res
712 672 855 709 fenore.
911 673 1060 709 Verum
1255 672 1304 708 80

116 745 201 776 esto
229 736 314 775 aliis
342 736 438 774 alios
466 735 580 774 rebus
610 735 825 784 studiisque
853 735 998 774 teneri:

115 802 220 841 idem
249 803 387 841 eadem
416 808 580 851 possunt
608 801 744 838 horam
772 802 910 839 durare
938 802 1209 852 probantes?
1209 848 1213 851 ἢ
1296 834 1365 878 Ε,-
1390 832 1425 844 ,η

116 867 268 905 ‘Nullus
297 866 337 904 in
366 868 460 904 orbe
489 866 593 903 sinus
623 865 727 903 Baiis
755 866 954 914 praelucet
981 867 1178 905 amoenis'
1172 891 1234 930 s

117 931 148 969 si
176 930 272 969 dixit
301 930 418 976 dives,
449 931 555 967 lacus
585 937 623 968 et
651 943 757 967 mare
786 930 902 968 sentit
930 943 1103 969 amorem
1185 934 1191 938 ’

116 995 333 1035 festinantis
362 994 440 1043 e-ri:
473 994 535 1032 cui
565 994 596 1032 si
624 994 763 1032 vitiosa
790 995 912 1033 libido
1253 998 1300 1046 85

116 1060 247 1100 fecerit
275 1059 504 1109 auspicium,
535 1072 618 1097 cras
645 1060 877 1097 ferramenta
905 1061 1084 1098 Teanum

116 1126 270 1171 tolletis,
300 1123 408 1162 fabri.
466 1126 608 1162 Lectus
636 1123 797 1173 genialis
825 1124 865 1161 in
893 1126 981 1162 aula
1009 1132 1091 1164 est:

117 1191 170 1228 nil
198 1190 251 1228 ait
279 1202 364 1228 esse
392 1188 507 1238 prius,
538 1188 676 1226 melius
704 1188 758 1226 nil
787 1189 935 1227 caelibe
963 1189 1060 1237 vita:

117 1255 148 1293 si
176 1267 256 1292 non
286 1261 354 1300 est,
384 1253 482 1291 iurat
510 1254 611 1292 bene
640 1253 731 1291 solis
762 1267 845 1292 esse
873 1254 1030 1293 maritis.

118 1320 209 1367 Quo
238 1327 394 1357 teneam
422 1319 549 1356 voltus
579 1325 795 1356 mutantem
825 1321 966 1365 Protea
994 1320 1150 1365 nodo?,
1253 1334 1302 1371 90

106 1383 211 1433 Quid
239 1383 414 1432 pauper?
451 1382 555 1423 ride:
590 1390 713 1420 mutat
742 1380 938 1432 cenacula,
971 1379 1125 1432 lectos(
1186 1377 1189 1381 Δ

117 1449 268 1494 balnea,
297 1434 715 1493 tonsores-sconducto
744 1447 899 1496 navigio
927 1461 1053 1496 aeque

68 1546 71 1549 f
116 1520 278 1551 nauseat
306 1525 352 1550 ac
380 1513 554 1561 locuples
584 1525 700 1560 quem
729 1512 838 1550 ducit
866 1512 974 1561 priva
1001 1512 1174 1552 triremis.

117 1577 156 1615 Si
185 1584 340 1615 curatus
367 1576 564 1625 inaequali
592 1583 747 1614 tonsore
776 1576 939 1625 capillos

117 1655 288 1688 occurro,
319 1641 448 1688 rides,¹
483 1640 514 1678 si
543 1642 641 1679 forte
671 1642 858 1679 subucula
885 1654 1010 1690 pexae
1253 1655 1299 1692 95

117 1707 205 1745 trita
232 1707 363 1744 subest
392 1705 546 1744 tunicae
574 1707 635 1744 vel
664 1705 695 1743 si
724 1713 816 1755 toga
844 1706 1006 1744 dissidet
1034 1706 1169 1756 impar,

116 1771 242 1810 rides:
275 1770 381 1820 quid,
412 1784 500 1809 mea
528 1784 617 1808 cum
646 1778 793 1820 pugnat
822 1771 1015 1809 sententia
1043 1785 1187 1819 secum,

117 1836 222 1885 quod
251 1834 361 1884 petiit
390 1834 546 1883 spernit,
577 1835 714 1884 repetit
743 1837 850 1884 quod
879 1849 1004 1885 nuper
1031 1836 1172 1885 omisit,

116 1908 266 1939 aestuat
295 1907 334 1938 et
360 1898 462 1937 vitae
491 1899 737 1937 disconvenit
764 1899 900 1938 ordine
928 1907 1024 1948 toto,

1294 895 1338 932 ,4ιέ
1363 903 1375 907 ‘
1398 906 1403 912 ¹

1332 1376 1341 1385 ,,
1360 1345 1377 1377 s'
1385 1348 1411 1376 κ’,

1328 1381 1360 1393 a>
1394 1383 1421 1394 Ὤ

117 1965 244 2012 diruit,
274 1964 463 2012 aedificat,
497 1971 621 2010 mutat
650 1964 837 2013 quadrata
864 1965 1041 2003 rotundis
1053 1966 1072 2002 ?
1170 1993 1174 1995 -
1230 1957 1302 2004 roo

526 2032 529 2033 ⁷
936 2030 970 2052 'su'
994 2033 1040 2048 ..mr
1084 2028 1087 2030 '

182 2157 231 2195 78.
266 2153 390 2195 frustis
407 2151 439 2184 ω’
455 2152 488 2184 Κ
503 2163 511 2184 :
540 2153 655 2184 cruslz's
671 2152 780 2184 BMO.
916 2153 968 2192 85.
1013 2152 1064 2184 eri
1077 2151 1120 2182 ω’.
1249 2162 1303 2195 95.

115 2210 242 2244 occurri
257 2207 288 2239 ω’
304 2209 376 2239 ΚΜ
389 2218 396 2239 ;
425 2218 555 2239 occurro
571 2208 608 2239 B.
698 2215 750 2250 97.
798 2217 899 2238 secum
917 2205 991 2248 ‘2⁴67'
1007 2219 1015 2239 z
1045 2217 1165 2238 mecum
1181 2205 1231 2246 7''.
