1461 2448
110 133 157 171 37
162 119 217 174 3.]
398 122 488 160 DE
523 122 687 160 ARTE
724 123 998 162 POETJCA.
1261 134 1279 171 7
1285 136 1306 172 3

108 220 295 258 lectorem
323 218 561 257 delectando
590 219 812 268 pariterque
841 220 1052 258 monendo.

108 283 190 321 Hic
213 290 337 322 meret
359 296 448 322 aera
476 284 574 322 liber
602 283 741 330 Sosiis;
773 283 837 321 hic
861 291 900 322 et
927 297 1033 322 mare
1062 285 1199 323 transit
1229 299 1303 335 345

81 355 146 389 ‚et
174 349 336 398 longum
364 356 462 387 noto
492 348 669 399 scriptori
699 357 883 399 prorogat
911 362 1062 387 aevum.

13 395 22 408 «

0 409 206 458 ·’”,“,ἷι;5ῑ1ῐιῖ
234 413 379 452 delicta
408 422 540 452 tamen
570 414 713 463 quibus
742 413 938 464 ignovisse
967 415 1133 453 velimus
1150 431 1159 463 3

108 491 199 516 narn
228 491 357 528 neque
381 479 528 517 chorda
553 491 695 517 sonum
714 478 843 517 reddit
868 492 985 528 quem
1007 480 1090 518 vult
1110 493 1249 519 manus
1269 489 1307 520 et

214 556 338 591 mens,

106 608 366 657 poscentique
394 620 551 657 gravem
581 620 770 657 persaepe
798 607 960 646 remittit
988 615 1172 653 acutum;

107 684 180 710 nec
208 685 362 722 semper
388 672 500 711 feriet
528 673 795 721 quodcunque
825 672 1037 710 minabitur
1065 686 1186 711 arcus.
1229 687 1249 722 3
1257 686 1305 723 50

106 737 254 774 Verum
282 735 350 775 ubi
379 738 491 786 plura
519 736 646 774 nitent
674 736 714 774 in
743 736 927 782 carmine,
958 750 1037 774 non
1069 750 1142 787 ego
1172 738 1306 787 paucis

107 801 284 839 offendar
312 801 486 847 maculis,
518 814 615 850 quas
643 808 711 839 aut
739 800 888 839 incuria
917 802 1017 839 fudit

107 873 172 903 aut
200 865 371 904 humana
400 879 537 915 parum
567 867 669 903 cavit
698 874 846 904 natura.
906 865 1013 913 Quid
1043 879 1134 916 ergo
1165 869 1253 905 est?

108 930 165 967 Ut
194 929 356 979 scriptor
384 929 416 968 si
444 937 583 979 peccat
612 929 717 968 idem
747 929 923 968 librarius
953 943 1090 979 usque,

107 992 285 1042 quamvis
305 1001 364 1032 est
384 993 568 1040 monitus,
591 993 707 1031 venia
726 1001 857 1040 caret3
885 1001 927 1031 ut
947 993 1196 1032 citharoedus
1227 1006 1302 1044 355

106 1058 263 1104 ridetur,
293 1059 441 1097 chorda
470 1058 538 1108 qui
567 1071 722 1108 semper
750 1060 903 1096 oberrat
933 1059 1098 1096 eadem:

107 1122 162 1161 sic
190 1121 284 1160 mihi
313 1122 380 1172 qui
408 1123 575 1161 multum
605 1130 732 1161 cessat
760 1122 1038 1162 fit‘Choeriius
1066 1123 1142 1168 ille,

49 1231 56 1241 1,
106 1199 226 1236 quem
255 1187 314 1226 bis
342 1194 448 1225 terve
478 1189 627 1226 bonum
657 1201 748 1225 cum
778 1187 855 1225 risu
885 1187 1027 1236 miror3
1058 1196 1097 1226 et
1126 1188 1235 1226 idem.

51 1242 61 1261 ‘¹
82 1244 84 1246 ’
105 1244 287 1301 indignor
315 1253 557 1302 quandoque
587 1254 713 1291 bonus
743 1252 929 1291 dormitat
959 1254 1170 1291 Homerus.

106 1316 254 1353 Verum
282 1315 390 1365 operi
418 1317 537 1365 longo
565 1317 622 1354 fas
651 1324 709 1355 est
739 1318 929 1365 obrepere
959 1330 1152 1355 somnum.
1226 1320 1302 1366 360

107 1380 164 1418 Ut
191 1379 343 1429 pictura
370 1380 524 1429 poesis:
553 1380 624 1418 erit
653 1393 754 1429 quae
784 1380 815 1418 si
844 1380 1004 1430 propius
1034 1387 1111 1418 stes

106 1450 145 1482 te
172 1443 300 1493 capiat
329 1443 464 1493 magis,
496 1451 534 1482 et
563 1444 759 1493 quaedam
790 1443 821 1481 si
850 1444 1004 1494 longius
1033 1445 1175 1482 abstes.

107 1508 222 1546 Haec
249 1515 354 1546 amat
383 1509 606 1555 obscurum,
637 1509 742 1546 volet
772 1508 870 1546 haec
899 1509 971 1546 sub
1000 1509 1086 1545 luce
1115 1508 1247 1554 videri,

105 1571 243 1610 iudicis
271 1579 450 1621 argutum
479 1585 581 1620 quae
610 1584 692 1609 non
720 1572 905 1610 formidat
934 1584 1098 1609 acumen
1114 1585 1124 1618 3

106 1638 202 1676 haec
218 1636 364 1687 placuit
380 1638 513 1683 semel,
534 1638 632 1675 haec
649 1637 807 1676 deciens
828 1636 991 1687 repetita
1011 1637 1190 1686 placebit.
1226 1640 1298 1687 365

106 1702 142 1741 Ο
172 1701 294 1740 maior
321 1701 517 1748 iuvenum,
548 1700 725 1750 quamvis
755 1708 794 1739 et
821 1714 919 1739 voce
948 1709 1111 1750 paterna

106 1766 259 1815 fingeris
286 1766 338 1804 ad
366 1774 517 1804 rectum
547 1773 585 1803 et
613 1777 683 1814 per
712 1772 750 1802 te
780 1765 896 1813 sapis,
928 1765 1004 1802 hoc
1034 1764 1102 1802 tibi
1133 1764 1283 1802 dictum

106 1831 199 1868 tolle
228 1843 392 1877 memor,
419 1829 532 1868 certis
563 1829 738 1867 medium
771 1837 807 1867 et
837 1828 1040 1867 tolerabile
1070 1830 1184 1867 rebus
1224 1844 1237 1886 h

106 1903 209 1933 recte
238 1894 413 1933 concedi.
473 1895 687 1933 Consultus
716 1893 807 1932 iuris
837 1901 876 1932 et
904 1900 1013 1931 actor

106 1972 309 1998 causarum
338 1958 545 1998 mediocris
574 1960 685 1997 abest
714 1958 856 1996 virtute
885 1956 1019 1996 diserti
1223 1969 1300 2006 370

107 2024 317 2062 Messallae
344 2036 418 2062 nec
447 2023 520 2061 scit
548 2030 741 2072 quantum
772 2021 987 2062 Cascellius
1017 2021 1154 2065 Aulus,

106 2087 177 2125 sed
205 2094 336 2125 tamen
365 2086 405 2124 in
434 2086 559 2136 pretio
589 2095 670 2124 est:
709 2085 973 2124 mediocribus
1004 2097 1088 2122 esse
1119 2084 1265 2137 poetis
1279 2085 1346 2120 fr*
1370 2080 1374 2081 ⁷

107 2163 187 2189 non
215 2150 407 2197 homines,
437 2164 517 2188 non
547 2150 598 2209 di,
630 2163 710 2188 non
739 2162 970 2187 concessere
1000 2149 1219 2186 (molumnae
1263 2142 1267 2158 ⁸

342 2235 414 2277 358.
463 2240 548 2267 terve
565 2235 716 2268 S‘BOM:
741 2239 850 2278 terque
866 2234 949 2267 §K-
