1461 2448
127 141 176 176 24
354 130 597 169 HORATJ
625 131 1069 170 EPISTULARUM
1095 129 1183 183 [XI.
1211 144 1312 182 19—-

124 240 194 276 per
221 228 398 266 brumam
427 227 593 274 Tiberis,
623 227 756 266 Sextili
785 241 920 267 mense
948 227 1135 268 caminus.
1174 224 1192 266 ’ξ
1215 244 1222 254 1*

125 292 231 329 Dum
260 291 350 330 licet
378 305 424 329 ac
451 293 601 330 voltum
632 300 756 330 servat
786 294 959 331 Fortuna
987 293 1199 344 benignum
1262 306 1310 331 20

124 356 278 393 Romae
306 355 486 393 laudetur
513 357 651 393 Samos
678 362 716 393 et
748 355 868 395 Chios
898 363 938 394 et
964 357 1130 395 Rhodos
1156 357 1308 395 absens.

125 419 187 455 Tu
218 431 505 467 quamcumque
538 419 635 456 deus
666 418 735 456 tibi
767 418 1018 457 fortunaverit
1047 420 1183 457 horam

123 490 231 533 grata
256 496 366 521 sume
397 496 528 529 manu,
563 496 639 521 neu
670 483 802 522 dulcia
831 484 943 522 differ
970 484 1011 522 in
1041 498 1214 534 annum;

124 554 178 594 ut,
209 560 460 596 quocumque
487 548 576 585 loco
606 547 731 596 fueris,
763 547 902 586 vixisse
930 548 1095 587 libenter

123 619 162 649 te
191 611 309 650 dicas.
367 613 470 649 Nam
500 611 531 649 si
559 612 656 650 ratio
686 619 724 650 et
752 612 958 661 prudentia
986 625 1108 661 curas,
1262 626 1281 650 2
1289 623 1309 662 5

124 686 204 712 non
231 674 341 712 locus
370 675 480 712 effusi
508 676 585 713 late
613 675 728 713 maris
757 675 900 714 arbiter
926 676 1062 721 aufert,

123 739 287 786 caelum,
309 751 391 776 non
415 739 600 786 animum,
622 747 774 777 mutant
800 739 867 789 qui
892 747 997 778 trans
1017 752 1122 778 mare
1142 746 1323 793 currunt..

123 804 287 841 Strenua
314 811 569 857 nosbexercet
596 803 733 842 inertia
747 819 757 852 3
790 803 953 842 navibus
981 811 1100 853 atque

123 867 319 918 quadrigis
348 867 518 917 petimus
547 869 649 906 bene
677 867 814 907 vivere.
875 868 994 923 Quod
1023 867 1123 918 petis
1152 868 1215 907 hic
1240 875 1309 914 est,

124 940 182 971 est
210 931 382 981 Ulubris,
411 932 565 971 animus
595 932 625 970 si
656 939 694 972 te
723 946 803 972 non
833 924 962 972 deficit
991 925 1150 983 aeduus.
1216 923 1311 982 ’ῖς-ο

670 1138 766 1175 ΧΠ.

123 1235 327 1275 Fructibus
356 1235 552 1286 Agrippae
581 1235 730 1283 Siculis,
761 1249 859 1286 quos
887 1236 1047 1286 colligis,
1079 1236 1172 1284 Icei,

122 1301 154 1340 si
182 1310 287 1340 recte
316 1301 462 1347 frueris,
494 1315 575 1340 non
603 1309 661 1340 est
690 1309 733 1340 ut
761 1301 877 1351 copia
906 1301 1030 1340 maior

120 1368 172 1405 ab
202 1368 298 1405 Iove
328 1366 464 1405 donari
493 1365 616 1416 possit
645 1365 725 1404 tibi.
784 1367 899 1404 Tolle
927 1366 1142 1415 querellas:

120 1443 268 1480 pauper
296 1430 401 1468 enim
430 1443 511 1468 non
540 1438 599 1468 est
627 1430 689 1468 cui
717 1442 844 1468 rerum
874 1429 1044 1479 suppetit
1072 1442 1174 1468 usus.

120 1495 160 1534 Si
188 1494 312 1533 ventri
340 1495 452 1542 bene,
482 1494 513 1532 si
541 1494 651 1533 lateri
680 1502 738 1532 est
766 1488 1012 1544 pedibusque
1041 1493 1128 1543 tuis,
1162 1493 1216 1532 nil
1286 1505 1306 1544 5

120 1559 277 1598 divitiae
305 1565 490 1609 poterunt
517 1560 666 1608 regales
694 1559 838 1597 addere
867 1557 1002 1596 maius.

120 1623 160 1663 Si
189 1624 288 1662 forte
316 1623 356 1661 in
386 1623 518 1662 medio
547 1623 765 1672 positorum
792 1620 1006 1660 abstemius
1034 1622 1164 1661 herbis

119 1686 215 1725 vivis
244 1694 282 1726 et
310 1686 444 1733 urtica,
475 1686 530 1724 sic
558 1686 663 1724 vives
691 1685 868 1735 protinus
897 1692 940 1724 ut
968 1692 1007 1724 te

120 1750 326 1789 confestim
355 1750 527 1800 liquidus
558 1752 752 1788 Fortunae
780 1749 882 1787 rivus
910 1748 1072 1797 inauret,

118 1815 181 1853 vel
209 1815 302 1864 quia
330 1822 508 1853 naturam
537 1821 687 1852 mutare
716 1813 884 1863 pecunia
912 1813 1048 1861 nescit,
1263 1827 1308 1852 10

117 1881 179 1919 vel
207 1879 298 1930 quia
326 1887 467 1918 cuncta
495 1887 610 1929 putas
638 1892 717 1917 una
744 1879 883 1917 virtute
911 1878 1073 1918 minora.

121 1943 310 1981 Miramur
338 1943 369 1981 si
398 1942 616 1981 Democriti
644 1956 764 1992 pecus
793 1942 873 1981 edit
902 1944 1047 1992 agellos

117 2008 313 2057 cultaque,
335 2007 429 2046 dum
452 2019 611 2056 peregre
631 2014 690 2044 est
716 2006 868 2045 animus
888 2005 972 2045 sine
992 2019 1153 2057 corpore
1171 2007 1307 2055 velox3

182 2124 233 2154 23.
282 2124 403 2145 neum:
429 2124 493 2145 nec.

182 2167 344 2208 X11.—3.
393 2167 432 2198 ab
461 2167 536 2198 Iove
566 2178 599 2198 ω.
637 2206 640 2208 ¹
669 2166 826 2208 querellas
856 2165 889 2197 ω’
919 2166 1014 2198 MK:
1060 2166 1203 2207 querelas
1233 2167 1305 2200 ΒΟ.

120 2221 151 2253 8.
189 2223 343 2263 protinus
360 2233 383 2252 ω
398 2233 406 2253 2
427 2226 585 2263 protenus
602 2221 641 2252 Β.
