1461 2448
117 104 138 139 8
344 104 586 144 HORATJ
614 105 1060 144 EPISTULARUM
1105 103 1177 157 [ΙΙ.
1203 106 1304 142 16—-

116 199 258 239 Iliacos
286 199 386 239 intra
414 213 545 239 muros
574 207 759 250 peccatur
788 207 826 239 et
856 207 972 239 extra.

116 265 265 302 Rursus
294 264 390 314 quid
417 264 537 303 virtus
566 272 605 304 et
633 265 729 314 quid
757 264 949 314 sapientia
976 265 1112 316 possit,

114 328 208 368 utile
235 329 440 379 proposuit
467 329 582 368 nobis
610 331 808 379 exemplar
837 330 995 378 Ulixen,
1184 382 1187 385 Δ

115 392 182 443 qui
209 393 382 432 domitor
407 393 550 432 Troiae
579 395 790 432 multorum
818 394 1006 444 providus
1034 394 1140 433 urbis

115 465 154 496 et
172 471 300 497 mores
320 458 524 496 hominum
543 458 712 508 inspexit
731 459 933 508 latumque
952 472 1023 509 per
1040 472 1198 509 aequor,
1254 473 1303 497 20

116 523 210 560 dum
238 522 324 571 sibi,
353 524 449 561 dum
478 522 592 562 sociis
620 523 786 562 reditum
816 531 937 573 parat,
968 537 1104 573 aspera
1131 524 1254 562 multa

114 587 284 636 pertulit,
314 587 485 627 adversis
514 601 642 626 rerum
671 587 943 627 immersabilis
972 588 1095 626 undis.

115 651 294 690 Sirenum
321 665 439 691 voces
468 660 506 691 et
536 652 674 692 Circae
703 654 846 702 pocula
871 652 998 693 nosti:

116 730 216 767 quae
244 717 275 755 si
304 731 393 756 cum
423 718 538 757 sociis
567 719 707 756 stultus
736 718 982 768 cupidusque
1010 717 1183 765 bibisset,

116 783 189 820 sub
218 782 379 821 domina
406 782 609 821 meretrice
637 782 772 821 fuisset
801 783 923 832 turpis
952 790 991 822 et
1019 796 1168 830 excors,
1255 794 1300 831 25

115 846 271 886 vixisset
298 847 405 886 canis
432 847 646 886 inmundus
674 849 736 886 vel
765 847 892 886 amica
919 849 1001 887 luto
1029 861 1104 886 sus.
1204 892 1207 896 ¹

117 913 202 951 Nos
229 926 414 951 numerus
443 926 576 952 sumus
606 920 645 952 et
671 914 798 963 fruges
827 926 1057 952 consumere
1086 902 1247 963 natI,'=·2,
1278 943 1282 947 -
1311 938 1314 942 ,
1342 935 1344 942 =

116 977 252 1026 sponsi
282 979 505 1027 Penelopae
534 979 762 1025 nebulones,
791 978 1026 1028 Alcinoique
1084 992 1087 996 ’
1144 971 1195 993 ‘⁷‘

115 1042 155 1080 in
184 1050 273 1082 cute
301 1044 472 1081 curanda
501 1045 586 1093 plus
616 1056 744 1093 aequo
773 1051 934 1092 operata
962 1044 1155 1090 iuventus,

116 1107 178 1146 cui
206 1108 413 1156 pulchrum
441 1107 513 1145 fuit
541 1107 581 1145 in
610 1108 762 1146 medios
792 1107 961 1146 dormire
991 1108 1074 1147 dies
1103 1117 1141 1147 et
1255 1122 1303 1157 30

116 1172 167 1210 ad
194 1171 397 1221 strepitum
426 1171 597 1211 citharae
626 1180 822 1211 cessatum
852 1174 996 1212 ducere
1025 1186 1170 1212 curam.
1202 1173 1438 1204 225'‘'³³⁴²‘²‘'''‘

117 1238 174 1276 Ut
202 1237 378 1286 iugulent
405 1237 608 1277 hominem
638 1246 801 1287 surgunt
830 1239 880 1277 de
908 1246 1026 1278 nocte
1054 1240 1246 1278 latrones:

116 1309 158 1340 ut
186 1308 225 1340 te
253 1301 382 1350 ipsum
412 1315 540 1341 serves
568 1316 650 1341 non
679 1302 984 1353 expergisceris?
1039 1303 1161 1353 Atqui

117 1367 148 1405 si
176 1368 287 1405 noles
316 1380 444 1414 sanus,
474 1381 604 1406 curres
631 1368 893 1418 hydropicus;
927 1376 966 1407 et
993 1368 1035 1406 ni

115 1445 255 1481 posces
284 1439 374 1470 ante
403 1431 507 1470 diem
535 1432 675 1471 librum
704 1446 795 1471 cum
823 1433 982 1481 lumine,
1012 1433 1044 1471 si
1072 1447 1153 1472 non
1254 1447 1301 1484 35

116 1497 296 1535 intendes
325 1496 500 1535 animum
529 1497 667 1536 studiis
696 1506 734 1536 et
763 1498 878 1536 rebus
907 1497 1091 1544 honestis,

116 1561 263 1600 invidia
289 1562 352 1599 vel
379 1575 511 1600 amore
538 1562 629 1611 vigil
657 1563 900 1612 torquebere.
959 1564 1063 1600 Nam
1092 1575 1160 1600 cur

117 1639 217 1677 quae
245 1627 405 1665 laedunt
434 1628 592 1665 oculum
621 1628 780 1666 festinas
810 1628 979 1674 demere,
1010 1626 1141 1676 siquid

117 1699 174 1730 est
203 1690 378 1729 animum
407 1691 537 1729 differs
567 1691 730 1730 curandi
759 1699 915 1741 tempus
944 1691 984 1729 in
1012 1693 1189 1730 annum?

118 1754 336 1794 Dimidium
365 1755 456 1794 facti
485 1755 551 1805 qui
580 1756 709 1806 coepit
737 1757 873 1795 habet:
903 1769 1038 1805 sapere
1066 1757 1191 1805 aude:
1254 1770 1303 1803 40

116 1819 254 1870 incipe.
314 1819 394 1868 Qui
423 1827 528 1859 recte
557 1819 715 1858 vivendi
743 1828 926 1870 prorogat
954 1821 1103 1870 horam,
1166 1817 1169 1819 ’

184 1980 233 2010 18.
283 1978 402 2011 Ulixen
419 1987 482 2017 ay:
512 1977 639 2009 Ulixem
651 1978 684 2017 β.
776 1986 827 2016 23.
880 1977 993 2008 Circae
1009 1981 1047 2008 ε’.
1151 1987 1201 2018 3¹·
1247 1989 1304 2008 ces-

116 2038 223 2065 satum
247 2033 373 2064 KMO:
404 2036 574 2064 cessantem
599 2036 629 2063 ς·
652 2032 690 2062 Β.
757 2042 872 2062 curam
897 2031 973 2070 αβ’·γ
996 2032 1125 2064 KMO:
1155 2043 1304 2064 somnum

115 2088 155 2128 ,3¹¹
170 2089 242 2120 VB.
325 2097 378 2128 32.
422 2086 583 2118 hominem
601 2090 631 2117 ς·
646 2086 748 2117 ΒΚΜ
762 2098 769 2117 :
792 2086 935 2117 homines
951 2086 992 2118 O.
1074 2097 1125 2127 34.
1164 2088 1249 2119 noles
1265 2092 1304 2119 ς.

115 2152 225 2173 curres
241 2142 284 2180 αβ
300 2152 307 2172 :
337 2151 427 2172 cures
442 2151 475 2178 7.
617 2141 667 2180 38.
715 2140 842 2171 oculum
860 2139 936 2180 α’βγ
952 2139 1087 2171 ΒΟΚΜ
1101 2151 1109 2171 :
1139 2141 1241 2173 oculos
1256 2140 1304 2172 α”.

117 2204 168 2237 41.
215 2195 273 2237 qui
282 2199 360 2227 recte
370 2195 502 2227 vivendi
510 2194 549 2234 7''
566 2193 767 2235 BOMK(?):
790 2194 924 2227 vivendi
933 2194 992 2236 qni
1002 2199 1078 2226 recle
1091 2193 1176 2235 αβγ’.
