1461 2448
132 121 183 164 64
449 119 493 167 Q.
526 118 694 157 HORA
704 120 769 158 Τ]
798 121 909 158 FLA
919 121 1021 160 ces
1211 119 1332 174 [77-

132 213 217 263 quis
247 221 380 253 tamen
409 215 569 265 exiguos
599 218 731 266 elegos
761 217 932 256 emiserit
959 224 1106 264 auctor,

129 279 372 329 grammatici
401 288 551 319 certant
581 289 619 320 et
647 283 780 320 adhue
809 282 881 320 sub
909 281 1039 320 iudice
1066 282 1113 320 lis
1143 290 1210 321 est.

132 342 415 382 Archilochum
443 345 602 394 proprio
630 346 757 385 rabies
786 345 948 385 armavit
976 346 1129 395 iambo3

132 409 240 446 hunc
269 409 375 448 socci
405 423 544 460 cepere
573 413 717 461 pedem
746 413 993 462 grandesque
1022 411 1214 459 cothurni,
1284 412 1345 449 80'
1380 411 1384 414 ’

133 471 290 510 alternis
319 480 455 522 aptum
485 475 732 513 sermonibus
762 483 801 514 et
829 475 1026 525 popularis

132 535 354 575 vincentem
384 538 565 587 strepitus
595 546 633 577 et
663 547 798 577 natum
828 541 944 578 rebus
973 539 1146 589 agendis.

135 604 253 641 Musa
281 602 391 641 dedit
420 603 561 641 fidibus
591 603 703 641 divos
732 616 955 653 puerosque
984 604 1149 641 deorum

134 677 174 707 et
201 668 376 718 pugilem
407 668 594 707 victorem
624 675 663 706 et
692 681 839 718 equum
868 668 1082 707 certamine
1110 667 1277 718 primurn

134 744 173 774 et
202 735 389 773 iuvenum
418 747 530 772 curas
560 741 598 772 et
626 734 750 772 libera
777 733 870 772 vina
898 734 1049 772 referre.
1285 735 1332 782 85

135 800 366 850 Descriptas
396 812 549 838 servare
576 798 681 837 vices
711 812 953 849 operumque
982 800 1132 838 colores

136 880 204 904 cur
234 879 307 916 ego
336 865 368 903 si
397 877 553 914 nequeo
583 864 811 914 ignoroque,
842 872 962 913 poeta
991 865 1164 902 salutor?

137 934 216 971 Cur
245 930 396 969 nescire
424 931 578 980 pudens
607 943 728 978 prave
756 942 876 979 quam
905 929 1057 968 discere
1086 930 1210 967 malo
1202 931 1245 960 Ρ]

136 995 326 1035 Versibus
356 994 502 1044 exponi
531 993 684 1043 tragicis
712 1006 773 1032 res
801 992 956 1032 comica
984 1006 1064 1032 non
1092 994 1202 1041 vult3

137 1060 364 1110 indignatur
392 1059 488 1097 item
518 1058 677 1107 privatis
705 1071 752 1096 ac
780 1071 905 1108 prope
935 1071 1053 1096 socco
1287 1070 1336 1106 90

138 1126 264 1176 dignis
294 1124 530 1163 carminibus
561 1123 703 1162 narrari
733 1137 832 1162 cena
859 1124 1067 1173 Thyestae.

139 1192 298 1242 Singula
326 1203 508 1241 quaeque
536 1190 667 1227 locum
696 1196 858 1228 teneant
887 1188 1022 1227 sortita
1050 1189 1268 1227 decentem.

139 1257 347 1296 Interdum
377 1263 510 1294 tamen
540 1261 579 1293 et
607 1267 748 1292 vocem
777 1252 986 1292 comoedia
1013 1252 1126 1300 tollit,

139 1321 337 1370 iratusque
367 1321 557 1360 Chremes
586 1318 738 1357 tumido
768 1317 945 1367 delitigat
973 1330 1059 1365 ore3

139 1394 179 1426 et
207 1386 373 1436 tragicus
402 1386 633 1434 plerumque
662 1384 771 1422 dolet
800 1395 981 1421 sermone
1008 1380 1179 1432 pedestri
1290 1392 1336 1430 95

86 1478 104 1497 ,ψ
140 1453 342 1502 Telephus
372 1458 410 1489 et
440 1451 593 1495 Peleus,
624 1461 715 1486 cum
744 1461 897 1498 pauper
925 1455 964 1486 et
993 1448 1103 1485 exsul
1131 1454 1294 1495 uterque

141 1514 281 1565 proicit
308 1514 502 1563 ampullas
532 1519 571 1551 et
599 1511 889 1561 sesquipedalia
916 1511 1046 1557 verba,

143 1580 174 1618 si
202 1586 310 1618 curat
338 1592 406 1617 cor
434 1577 648 1628 spectantis
678 1576 853 1627 tetigisse
881 1576 1064 1626 querella.

145 1647 238 1683 Non
267 1643 359 1681 satis
389 1650 448 1681 est
475 1643 639 1692 pulchra
667 1655 752 1680 esse
781 1643 988 1690 poemata3
1030 1639 1160 1678 dulcia
1188 1647 1304 1677 sunto

144 1718 182 1749 et
211 1721 448 1759 quocunque
475 1709 609 1746 volent
638 1707 813 1745 animum
842 1705 1029 1744 auditoris
1057 1713 1213 1756 agunto.
1267 1720 1339 1744 100

146 1777 204 1814 Ut
231 1773 447 1812 ridentibus
477 1773 659 1818 arrident,
690 1771 745 1809 ita
774 1771 956 1810 flentibus
984 1771 1128 1808 adsunt

145 1837 307 1877 humani
335 1837 487 1874 vultus:
531 1835 562 1873 si
589 1835 647 1873 vis
677 1848 741 1873 me
770 1835 861 1873 flere
890 1834 1107 1872 dolendum
1136 1840 1194 1872 est

146 1902 316 1952 primum
345 1899 419 1949 ipsi
448 1898 536 1938 tibi:
576 1906 659 1937 tum
688 1906 755 1937 tua
782 1911 847 1936 me
876 1897 1086 1937 infortunia
1112 1899 1284 1945 laedent,

145 1966 324 2015 Telephe
352 1965 415 2002 vel
444 1966 564 2002 Peleu
579 1977 590 2011 3
633 1965 735 2002 male
764 1963 795 2001 si
825 1964 1013 2001 mandata
1040 1962 1211 2011 loqueris

147 2039 214 2070 aut
241 2030 463 2070 dormitabo
492 2037 559 2068 aut
587 2029 735 2068 ridebo.
795 2028 938 2067 Tristia
960 2036 1156 2067 maestum
1268 2041 1337 2077 105

147 2097 297 2134 vultum
326 2095 444 2133 verba
473 2095 627 2140 decent,
658 2094 798 2132 iratum
827 2095 945 2144 plena
972 2093 1177 2141 minarum,

213 2198 266 2232 9²·
311 2188 465 2219 decentem
484 2186 521 2218 ς’
536 2188 622 2226 (cum
644 2187 694 2219 131.
719 2192 784 2218 vet.
808 2187 922 2225 Bern.)
947 2186 1035 2218 BM:
1066 2185 1209 2217 decenter
1232 2184 1340 2217 s‘OK.

155 2254 224 2276 101.
269 2243 390 2274 adsunt
405 2241 563 2275 w'OKM:
588 2242 711 2283 adstent
727 2242 766 2273 B.
