1461 2448
439 593 488 643 Q.
525 592 747 631 HORATI
786 590 986 630 FLACCI

281 726 391 774 DE
453 728 691 774 ARTE
756 691 1151 774 PO'ETICA

632 877 788 909 LIBER.

115 1022 304 1060 Humano
335 1021 453 1070 capiti
484 1020 675 1060 cervicem
707 1021 835 1069 pictor
865 1018 1049 1069 equinam

113 1086 270 1136 iungere
298 1087 329 1124 si
357 1086 449 1124 velit
478 1093 517 1141 et
545 1087 670 1124 varias
698 1086 884 1123 inducere
913 1085 1068 1133 plumas

96 1151 286 1200 -undique
314 1151 464 1189 collatis
495 1151 691 1196 membris,
724 1157 766 1187 ut
796 1148 958 1198 turpiter
985 1155 1111 1186 atrum

20 1231 49 1255 ,κ
108 1216 265 1254 desinat
293 1215 333 1253 in
361 1215 512 1265 piscem
541 1214 678 1253 mulier
706 1215 876 1252 formosa
907 1226 1086 1263 superne,

113 1286 331 1329 spectatum
359 1279 518 1318 admissi
548 1280 666 1318 risum
697 1280 860 1317 teneatis
891 1280 1036 1317 amici?
1284 1290 1302 1327 5

113 1344 283 1391 Credite,
314 1343 490 1390 Pisones,
521 1343 583 1382 isti
614 1345 769 1382 tabulae
798 1344 880 1382 fore
908 1343 1050 1381 librum

111 1409 348 1458 persimilem
377 1411 488 1447 cuius
516 1410 622 1448 velut
650 1410 752 1458 aegri
783 1409 936 1447 somnia
962 1421 1087 1446 vanae

111 1476 303 1524 fingentur
331 1474 494 1524 species,
525 1482 568 1513 ut
598 1488 671 1513 nec
700 1488 769 1524 pes
797 1487 871 1512 nec
899 1481 1019 1523 caput
1046 1475 1112 1511 uni

110 1540 295 1578 reddatur
321 1541 478 1579 formae.
538 1541 756 1578 Pictoribus
785 1545 903 1588 atque
932 1538 1060 1588 poetis

110 1604 302 1653 quidlibet
329 1606 499 1643 audendi
529 1618 683 1654 semper
712 1605 783 1643 fuit
814 1617 940 1652 aequa
967 1611 1154 1653 potestas.
1259 1617 1303 1640 10

110 1669 274 1715 Scimus,
303 1675 342 1707 et
369 1670 472 1707 hane
508 1670 663 1708 veniam
701 1669 950 1718 petimusque
988 1669 1206 1717 damusque
1250 1668 1302 1705 vi-

215 1731 347 1769 cissim
362 1747 373 1781 3

110 1793 179 1831 sed
208 1806 290 1832 non
316 1801 359 1832 ut
388 1794 553 1843 placidis
581 1802 724 1834 coeant
752 1794 915 1841 inmitia,
947 1807 1029 1833 non
1058 1801 1100 1833 ut

110 1868 310 1910 serpentes
340 1861 476 1898 avibus
506 1862 762 1910 geminentur,
794 1861 957 1910 tigribus
985 1861 1086 1910 agni.

111 1924 285 1973 Inceptis
312 1923 492 1974 gravibus
521 1926 751 1973 plerumque
780 1931 818 1962 et
849 1936 991 1972 magna
1020 1921 1203 1972 professis

110 1999 336 2036 purpureus,
366 1988 444 2026 late
472 1989 539 2037 qui
571 1989 789 2038 splendeat,
820 2000 921 2025 unus
951 1994 989 2024 et
1017 1988 1114 2024 alter
1255 1977 1298 2037 15

109 2051 282 2107 adQur
308 2064 474 2101 pannus,
506 2065 596 2090 cum
626 2053 736 2090 lucus
766 2058 804 2090 et
835 2063 901 2089 ara
929 2050 1082 2088 Dianae

109 2123 148 2154 et
175 2115 417 2165 properantis
445 2129 569 2165 aquae
599 2129 669 2165 per
696 2128 885 2154 amoenos
912 2114 1083 2153 ambitus
1110 2127 1233 2165 agros,

109 2187 177 2218 aut
205 2180 351 2218 flumen
381 2181 568 2218 Rhenum
599 2188 666 2218 aut
696 2180 849 2229 pluvius
877 2178 1108 2217 describitur
1135 2192 1255 2218 arcus.

110 2243 188 2281 Sed
213 2254 319 2281 nunc
343 2255 424 2282 non
450 2251 531 2283 erat
560 2244 618 2282 his
638 2244 759 2282 locus.
809 2243 859 2280 Et
884 2243 1046 2281 fortasse
1071 2254 1298 2293 cupressum
