1461 2448
92 141 122 177 Ι.
149 135 227 191 7,5.]
541 137 730 175 LIBER
768 137 827 174 II.
1234 147 1282 185 45

89 238 185 275 dum
212 236 328 274 eadat
357 237 487 275 elusus
515 236 665 274 ratione
694 235 840 273 ruentis
868 235 1006 282 acervi,

89 301 156 350 qui
185 301 285 338 redit
312 301 352 338 in
380 301 500 338 fastos
529 307 568 338 et
595 300 776 338 virtutem
806 300 985 338 aestimat
1014 299 1126 336 annis

79 365 327 413 miraturque
356 364 451 401 nihil
480 364 554 401 nisi
584 363 691 412 quod
722 363 894 401 Libitina
923 364 1095 401 sacravit.

93 431 245 469 Ennius
274 436 313 468 et
341 430 497 478 sapiens
526 436 565 466 et
593 429 701 467 fortis
731 436 768 466 et
799 429 896 466 alter
926 430 1138 475 Homerus,
1237 440 1286 477 50

90 501 133 532 ut
161 494 282 531 critici
311 494 458 540 dicunt,
488 493 625 531 leviter
653 506 786 531 curare
814 493 967 531 videtur

90 571 170 607 quo
197 558 391 607 promissa
418 558 562 595 cadant
591 563 629 595 et
658 558 811 595 somnia
839 558 1090 607 Pythagorea.

92 622 266 660 Naevius
294 623 334 659 in
364 622 546 659 manibus
575 634 655 659 non
685 628 743 660 est
773 629 811 660 et
841 623 1038 660 mentibus
1066 622 1200 659 haeret

90 699 218 737 paene
238 687 402 724 recens?
447 687 562 724 Adeo
583 694 764 724 sanctum
785 694 842 724 est
865 694 974 724 vetus
995 699 1114 724 omne
1134 698 1287 735 poema.

90 751 313 800 Ambigitur
340 751 521 799 quotiens
549 758 636 788 uter
662 757 749 788 utro
779 751 827 788 sit
855 751 970 799 prior,
1002 751 1125 788 aufert
1240 761 1286 798 55

92 816 284 854 Pacuvius
314 816 420 857 docti
450 816 593 852 famam
623 816 738 861 senis,
770 816 913 852 Accius
941 815 1020 862 alti,

92 880 233 918 dicitur
260 879 394 916 Afrani
423 885 516 928 toga
543 879 776 916 convenisse
808 880 1044 924 Menandro,

93 946 254 982 Plautus
283 944 333 982 ad
363 945 559 993 exemplar
587 944 705 981 Siculi
734 957 943 993 properare
972 944 1209 993 Epicharmi,

91 1009 248 1047 vincere
277 1009 471 1046 Caecilius
500 1008 698 1057 gravitate,
729 1008 937 1046 Terentius
967 1015 1058 1046 arte.

95 1075 185 1112 Hos
214 1073 352 1112 ediscit
380 1080 419 1111 et
448 1073 519 1110 hos
549 1079 632 1110 arto
662 1072 806 1120 stipata
834 1072 987 1109 theatro
1241 1073 1291 1108 60

94 1146 243 1189 spectat
271 1140 402 1176 Roma
429 1145 594 1186 potens3
623 1138 744 1175 habet
771 1137 843 1174 hos
873 1143 1131 1185 numeratque
1156 1144 1293 1185 poetas

94 1205 145 1243 ad
173 1210 348 1242 nostrum
376 1211 531 1252 tempus
561 1203 646 1240 Livi
675 1202 870 1251 scriptoris
899 1202 948 1239 ab
977 1214 1085 1240 aev0.

96 1268 300 1306 Interdum
329 1268 465 1316 volgus
493 1273 644 1304 rectum
673 1266 803 1314 videt3
834 1275 892 1304 est
921 1267 988 1304 ubi
1017 1274 1166 1316 peccat.

96 1334 135 1371 Si
164 1340 312 1370 veteres
341 1332 395 1369 ita
423 1332 582 1373 miratur
610 1331 821 1379 laudatque
850 1338 987 1380 poetas

95 1405 138 1435 ut
166 1398 261 1434 nihil
289 1397 491 1443 anteferat,
522 1396 618 1433 nihil
647 1396 719 1433 illis
749 1404 960 1445 comparet,
993 1403 1102 1435 errat.
1243 1400 1289 1446 65

96 1463 135 1500 Si
164 1464 359 1512 quaedam
387 1462 502 1499 nimis
531 1462 702 1510 antique,
733 1462 763 1499 si
793 1463 979 1511 pleraque
1009 1463 1104 1501 dure

96 1528 226 1567 dicere
253 1528 376 1565 credit
404 1539 484 1574 eOS‚
514 1527 654 1575 ignave
682 1526 805 1563 multa
833 1527 984 1573 fatetur,

97 1600 137 1631 et
165 1592 265 1641 sapit
293 1598 332 1629 et
360 1603 515 1628 mecum
543 1590 635 1627 facit
663 1596 702 1628 et
732 1591 828 1628 Iove
857 1591 1003 1628 iudicat
1030 1604 1168 1641 aequo.

100 1659 192 1696 Non
222 1656 406 1706 equidem
435 1656 606 1693 insector
626 1656 844 1694 delendave
874 1657 1046 1694 carmina
1076 1658 1159 1695 Livi

99 1737 184 1763 esse
211 1736 307 1769 reor,
337 1722 497 1760 memini
527 1733 628 1769 quae
656 1723 862 1771 plagosum
891 1723 986 1759 mihi
1015 1736 1134 1772 parvo
1246 1734 1295 1770 70

100 1789 292 1829 Orbilium
320 1787 489 1825 dictare:
528 1787 597 1824 sed
628 1787 838 1824 emendata
865 1787 987 1825 videri

98 1854 338 1904 pulchraque
368 1859 406 1890 et
433 1853 578 1890 exactis
607 1852 812 1889 minimum
842 1852 1025 1890 distantia
1054 1853 1182 1890 miror.

101 1921 210 1957 Inter
237 1930 339 1967 quae
367 1918 529 1955 verbum
558 1917 716 1954 emicuit
745 1917 776 1954 si
806 1918 904 1954 forte
933 1917 1133 1963 decorum,

101 1986 132 2024 si
160 1997 292 2023 versus
320 1984 454 2033 paullo
482 1983 712 2020 concinnior
739 1995 840 2020 unus
868 1989 908 2020 et
936 1983 1042 2029 alter,

101 2049 242 2087 iniuste
271 2054 398 2086 totum
428 2048 536 2086 ducit
564 2047 779 2096 venditque
807 2059 960 2096 poema.
1247 2057 1293 2096 75

169 2173 220 2215 67.
265 2172 366 2204 credit
388 2171 530 2203 w'OMK
558 2183 566 2202 :
588 2171 670 2202 cedit
688 2171 726 2201 B.
794 2169 846 2208 60.
895 2170 976 2201 Livi
997 2168 1135 2202 ωὈΜΚ
1165 2182 1171 2201 :
1197 2170 1298 2201 Lami

103 2227 140 2260 B.
278 2233 294 2266 7
299 2235 328 2267 5.
373 2225 542 2267 venditque
558 2223 701 2257 w'OMK
719 2232 732 2275 ,ε
756 2224 902 2264 venitque
918 2223 955 2255 B.
