1461 2448
148 149 197 187 50
379 137 546 176 ΗΘΚΛ
555 139 621 176 Τ]
649 139 986 178 EPJSTULAR
995 141 1092 179 ΠΜ
1138 138 1185 192 [1.
1214 154 1342 191 191-

146 251 238 276 mox
266 236 429 276 trahitur
456 238 639 277 manibus
666 252 801 289 regum
830 240 984 278 fortuna
1011 239 1176 288 retortiS,

145 304 284 341 esseda
311 302 506 350 festinant,
538 302 698 352 pilenta,
729 304 923 353 petorrita,
956 317 1086 352 naves,

145 367 340 417 captivum
368 374 545 417 portatur
574 369 680 414 ebur,
711 369 865 417 captiva
895 369 1116 409 Corinthus.

145 429 183 467 Si
212 430 311 467 foret
339 429 379 467 in
408 429 528 476 terris,
559 429 701 468 rideret
731 431 995 479 Democritus,
1026 446 1094 471 seu

145 496 339 534 diversum
369 497 534 534 confusa
561 509 685 546 genus
714 497 904 546 panthera
932 499 1084 536 camelo
1269 511 1338 548 195

145 561 225 600 sive
253 561 441 610 elephans
470 561 581 598 albus
609 560 713 610 volgi
742 569 986 600 converteret
1014 576 1104 611 ora;

145 632 336 674 spectaret
365 626 556 674 populum
585 625 686 662 ludis
716 625 902 663 attentius
930 624 1025 675 ipsis

144 698 186 727 ut
214 689 287 727 sibi
317 690 570 738 praebentem
600 688 722 727 nimio
752 691 976 738 spectacula
1003 691 1138 739 plura3

145 754 348 804 scriptores
378 761 510 791 autem
540 767 693 792 narrare
723 761 878 803 putaret
906 755 1026 792 asello

147 819 327 856 fabellam
356 818 484 856 surdo.
543 819 648 856 Nam
678 831 777 867 quae
807 817 1032 867 pervincere
1060 832 1178 857 voces
1269 832 1343 856 200

146 883 322 921 evaluere
352 895 503 930 sonum,
535 883 704 920 referunt
733 895 851 931 quem
881 890 1013 920 nostra
1041 883 1220 921 theatra?

147 948 369 996 Garganum
399 945 548 995 mugire
577 953 689 995 putes
719 959 858 984 nemus
888 955 954 985 aut
983 960 1089 985 mare
1118 949 1304 994 Tuscum,

146 1019 257 1050 tanto
286 1025 376 1049 cum
407 1010 569 1060 strepitu
598 1010 680 1049 ludi
709 1018 934 1060 spectantur
963 1018 1001 1050 et
1029 1019 1129 1050 artes

146 1075 382 1124 divitiaeque
411 1075 661 1125 peregrinae:
692 1076 835 1124 quibus
865 1075 1008 1114 oblitus
1037 1083 1146 1114 actor

146 1155 235 1179 curn
265 1140 371 1179 stetit
400 1141 439 1178 in
469 1153 622 1186 scaena,
654 1139 848 1178 concurrit
875 1141 1034 1178 dextera
1062 1142 1204 1178 laevae.
1269 1153 1340 1190 205

148 1205 257 1244 Dixit
283 1206 414 1243 adhuc
440 1204 618 1254 aliquid?
674 1204 741 1243 Nil
770 1218 874 1243 sane.
934 1205 1040 1254 Quid
1069 1206 1197 1255 placet
1225 1207 1346 1255 ergo?

148 1272 258 1308 Lana
286 1271 501 1308 Tarentino
530 1270 653 1307 violas
683 1270 833 1307 imitata
861 1282 1027 1308 veneno.

148 1336 207 1371 Ac
236 1347 286 1372 ne
315 1334 413 1372 forte
443 1341 557 1383 putes
587 1346 662 1381 me,
697 1346 796 1382 quae
825 1334 953 1371 facere
983 1333 1067 1382 ipse
1096 1345 1282 1380 recusem,

147 1412 236 1436 cum
265 1406 369 1437 recte
399 1405 567 1435 tractent
596 1398 671 1444 alii,
702 1397 862 1435 laudare
891 1398 1084 1447 maligne:

148 1463 212 1500 ille
241 1474 310 1510 per
338 1468 538 1498 extentum
567 1462 701 1498 funem
732 1461 827 1497 mihi
857 1473 975 1509 posse
1003 1461 1158 1498 videtur
1269 1473 1344 1497 210

149 1528 201 1564 ire
230 1533 359 1575 poeta,
390 1538 521 1562 meum
552 1525 617 1573 qui
648 1532 786 1573 pectus
816 1525 982 1563 inaniter
1010 1526 1127 1574 angit,

149 1592 289 1636 inritat,
321 1590 476 1636 mulcet,
509 1590 614 1626 falsis
644 1589 852 1626 terroribus
881 1589 1018 1638 implet

148 1663 191 1693 ut
219 1668 366 1704 magus,
389 1662 427 1692 et
456 1654 577 1692 modo
607 1667 670 1691 me
699 1654 860 1700 Thebis,
881 1655 1003 1692 modo
1027 1654 1140 1703 ponit
1163 1654 1341 1692 Athenis.

149 1721 297 1757 Verum
325 1730 396 1766 age
426 1724 464 1756 et
494 1718 564 1762 his,
596 1717 661 1766 qui
692 1729 733 1754 se
763 1717 897 1754 lectori
927 1718 1083 1755 credere
1113 1718 1264 1754 malunt

150 1796 270 1833 quam
299 1783 531 1832 spectatoris
560 1783 716 1820 fastidia
744 1783 840 1820 ferre
871 1783 1038 1831 superbi,
1269 1793 1340 1831 215

151 1863 283 1888 curam
312 1849 433 1886 redde
462 1849 634 1893 brevem,
665 1849 695 1885 si
726 1861 869 1885 munus
899 1848 1083 1896 Apolline
1112 1847 1272 1897 dignum

151 1917 208 1953 vis
237 1915 433 1963 complere
461 1914 567 1950 libris
598 1921 636 1951 et
664 1914 816 1951 vatibus
844 1913 988 1951 addere
1017 1913 1154 1958 calcar,

152 1988 195 2018 ut
223 1979 353 2017 studio
382 1979 527 2016 maiore
557 1984 693 2027 petant
725 1978 923 2015 Helicona
950 1977 1150 2015 virentem.

222 2132 292 2174 196.
337 2135 529 2163 converteret
561 2129 703 2162 w'OMK
739 2141 747 2162 z
782 2128 969 2161 converterit
992 2128 1030 2158 B.
1272 2127 1341 2168 198.

156 2188 258 2219 nimio
282 2187 401 2227 αβΜΚ
429 2198 436 2218 1
462 2187 561 2217 mimo
584 2184 681 2225 7130.
943 2181 1015 2215 216.
1063 2180 1153 2212 redde
1175 2180 1308 2212 wOMK
1336 2192 1343 2211 :

154 2242 300 2285 impende
322 2242 359 2273 B.
