1461 2448
82 143 131 182 X.
157 140 234 196 16.]
538 144 727 182 LIBER
754 145 788 183 J.
1222 158 1265 182 21

81 253 242 280 munere
269 253 360 278 cum
388 240 494 291 fungi
522 240 713 291 propioris
742 248 878 280 censet
906 240 1022 280 amici
1036 255 1047 289 ;
1248 254 1267 291 5

80 304 177 354 quid
205 304 355 355 possim
382 305 490 344 videt
518 318 564 343 ac
594 305 703 343 novit
732 318 796 343 me
824 304 975 343 valdius
1004 305 1104 355 ipso,

82 370 211 407 Multa
238 368 400 419 quidem
427 368 508 407 dixi
537 382 605 407 cur
633 376 837 407 excusatus
866 369 1015 407 abirem
1029 384 1041 418 ;

80 435 151 474 Sed
180 433 292 474 timui
320 447 409 473 mea
437 448 488 473 ne
516 434 675 473 finxisse
703 435 855 472 minora
883 441 1051 484 putarer,

80 499 344 539 dissimulator
372 500 458 550 opis
488 500 682 550 propriae,
712 500 808 538 mihi
837 501 1072 539 commodus
1102 499 1178 539 uni.

80 565 144 604 Sic
173 577 258 614 ego,
288 564 444 603 maioris
473 564 625 614 fugiens
654 563 864 614 opprobria
892 565 1043 613 culpae,
1223 577 1268 602 10

79 629 217 667 frontis
245 629 297 668 ad
323 629 495 667 urbanae
524 628 713 667 descendi
741 627 923 678 praemia.
982 627 1137 676 Quodsi

79 691 303 742 depositum
331 694 466 731 laudas
495 694 547 731 ob
576 692 690 731 amici
720 692 822 730 iussa
850 693 1054 742 pudorem,

80 756 205 796 scribe
234 756 290 795 tui
317 756 441 808 gregis
469 758 574 795 hunc
602 765 640 797 et
668 758 808 796 fortem
838 759 954 796 crede
983 759 1220 807 bonumque.

644 1001 692 1039 X.

81 1094 200 1135 Urbis
228 1103 443 1136 amatorem
474 1098 645 1136 Fuscum
674 1099 820 1136 salvere
849 1096 1030 1136 iubemus

78 1161 174 1200 ruris
201 1170 405 1201 amatores.
465 1156 558 1201 Hac
586 1163 627 1201 in
655 1176 696 1202 re
725 1163 872 1202 scilicet
901 1177 980 1201 una

79 1227 246 1264 multum
274 1226 492 1274 dissimiles,
522 1234 562 1265 at
591 1235 720 1265 cetera
748 1240 873 1276 paene
901 1225 1068 1276 gemelli,

77 1290 254 1329 fraternis
282 1290 434 1338 animis,
465 1290 658 1341 quidquid
688 1299 804 1340 negat
832 1293 940 1339 alter,
970 1299 1008 1330 et
1037 1292 1143 1338 alter,

78 1354 286 1393 adnuimus
314 1355 480 1405 pariter:
509 1355 627 1394 vetuli
656 1356 818 1405 notique
846 1356 1032 1403 columbi,
1246 1366 1264 1404 5

77 1426 120 1457 tu
149 1417 285 1457 nidum
314 1431 454 1466 servas,
484 1432 557 1468 ego
589 1419 708 1458 laudo
735 1419 831 1458 ruris
860 1419 1018 1458 amoeni

76 1483 179 1522 rivos
208 1490 247 1521 et
275 1495 414 1522 musco
442 1482 660 1521 circumlita
688 1496 781 1521 saxa
808 1496 1039 1533 nemusque.

17 1574 20 1575 γ
79 1547 187 1596 Quid
216 1547 398 1597 quaeris?
425 1547 514 1586 vivo
542 1555 581 1586 et
609 1561 740 1597 regno,
773 1547 888 1586 simul
917 1548 991 1586 ista
1019 1547 1156 1597 reliqui

77 1624 180 1661 quae
207 1625 276 1650 vos
305 1613 355 1651 ad
384 1613 537 1651 caelum
565 1612 671 1651 fertis
700 1626 854 1652 rumore
883 1614 1069 1660 secundo,

76 1685 198 1727 utque
226 1677 438 1716 sacerdotis
467 1677 647 1727 fugitivus
677 1677 756 1716 liba
783 1691 932 1724 recuso,
1221 1689 1266 1714 10

77 1754 180 1791 pane
209 1755 306 1792 egeo
334 1742 413 1780 iarn
442 1742 598 1781 mellitis
626 1742 780 1792 potiore
808 1742 1012 1792 placentis.

76 1806 219 1845 Vivere
248 1814 408 1845 naturae
438 1807 470 1845 si
498 1807 778 1845 convenienter
806 1813 964 1856 oportet

76 1870 366 1920 ponendaeque
394 1872 516 1910 domo
544 1872 769 1921 quaerenda
797 1878 856 1909 est
885 1884 974 1909 area
1001 1869 1181 1921 primum,

77 1933 272 1973 novistine
300 1935 432 1973 locum
461 1934 657 1985 potiorem
686 1947 773 1973 rure
802 1935 951 1973 beato?

77 1998 149 2036 Est
177 1998 245 2036 ubi
273 1999 361 2049 plus
391 2007 552 2049 tepeant
580 1999 740 2047 hiemes,
771 1999 840 2037 ubi
868 1999 1011 2048 gratior
1038 2011 1129 2036 aura
1221 1990 1272 2047 15⁷

76 2058 197 2098 leniat
225 2067 264 2100 et
292 2061 440 2100 rabiem
469 2062 577 2100 canis
607 2070 645 2101 et
674 2070 877 2101 momenta
905 2062 1042 2109 leonis,

141 2182 262 2224 X.—3.
299 2187 336 2214 at
350 2183 506 2216 BOMK:
537 2184 584 2214 ad
596 2182 639 2215 ω’.
728 2194 758 2226 9.
791 2184 893 2226 fi’rlis
909 2183 941 2215 ω’
958 2184 1054 2216 BOK
1070 2195 1077 2215 :
1099 2185 1217 2226 cffwffis
1233 2195 1264 2224 V,

76 2234 125 2266 Μ.
147 2244 196 2276 13.
236 2237 464 2279 ponendaeque
477 2236 510 2268 ω’
527 2237 681 2269 BOMK:
706 2238 919 2278 ponendaque
934 2238 964 2269 V
982 2238 1126 2279 Sauppe.
1142 2264 1145 2267 ,
