1461 2448
88 137 141 173 11.
168 134 272 189 199]
543 135 731 173 LIBER
768 135 827 172 Π.
1236 143 1285 181 59

86 247 189 273 nunc
217 246 344 283 prece,
380 245 486 271 nunc
516 232 655 281 pretio,
690 243 797 268 nune
831 230 879 276 vi,
915 242 1019 267 nunc
1054 236 1178 267 morte

191 311 375 348 suprema

85 370 278 413 permutet
312 363 499 401 dominos
532 369 571 401 et
605 362 720 399 cedat
753 361 793 398 in
822 361 944 398 altera
977 360 1068 397 iura.

85 428 147 465 Sic
175 427 267 476 quia
293 434 505 476 perpetuus
535 427 629 464 nulli
660 427 774 463 datur
801 438 892 462 usus
922 432 960 462 et
989 425 1100 462 heres
1212 435 1281 474 175

84 492 269 530 heredem
298 491 454 529 alterius
482 492 588 529 velut
618 491 725 528 unda
753 490 977 539 supervenit
1005 490 1166 536 undam,

84 557 179 605 quid
205 557 280 595 vici
309 563 472 605 prosunt
501 564 567 594 aut
596 557 744 602 horrea,
775 555 919 604 quidve
949 554 1124 593 Calabris

84 621 244 659 saltibus
273 621 414 659 adiecti
446 620 606 666 Lucani,
640 620 671 658 si
702 622 812 658 metit
844 621 969 658 Orcus

83 685 246 734 grandia
273 697 363 723 cum
391 686 532 734 parvis,
562 698 641 723 non
671 685 877 723 exorabilis
906 685 1031 722 auro?

85 750 283 795 Gemmas,
306 761 483 796 marmor,
500 750 606 795 ebur,
627 750 830 799 Tyrrhena
850 749 985 798 sigilla,
1009 749 1182 793 tabellas,
1212 750 1283 786 180

36 809 38 812 ’
84 821 300 864 argentum,
331 815 450 852 vestis
480 815 650 852 Gaetulo
681 815 827 851 murice
857 813 1009 859 tinctas,

85 888 174 919 sunt
203 882 269 931 qui
300 894 379 919 non
413 881 596 928 habeant,
628 888 686 919 est
714 880 781 930 qui
811 893 892 918 non
925 886 1035 917 curat
1065 879 1220 917 habere.

85 946 165 984 Cur
193 946 290 984 alter
317 947 477 983 fratrum
507 958 659 983 cessare
689 953 727 983 et
756 945 889 982 ludere
918 952 956 982 et
985 945 1105 993 ungui

83 1010 274 1059 praeferat
304 1010 479 1048 Herodis
510 1010 691 1059 palmetis
722 1010 945 1058 pinguibus,
975 1009 1072 1046 alter

84 1074 192 1111 dives
219 1080 259 1111 et
289 1073 536 1122 importunus
567 1074 619 1111 ad
647 1074 827 1110 umbram
856 1072 951 1110 lucis
982 1072 1031 1110 ab
1062 1078 1150 1110 ortu
1211 1073 1280 1122 185

84 1139 297 1176 silvestrem
325 1139 491 1176 flammis
521 1146 559 1176 et
587 1139 688 1176 ferro
717 1138 867 1187 mitiget
896 1150 1042 1187 agrum,

84 1203 156 1241 scit
184 1204 343 1249 Genius,
374 1204 506 1241 natale
536 1215 670 1241 comes
700 1202 766 1252 qui
796 1209 988 1252 temperat
1016 1209 1174 1248 astrum,
1228 1224 1231 1225 ν

84 1276 245 1307 naturae
275 1269 372 1307 deus
400 1269 609 1315 humanae,
641 1269 813 1306 mortalis
842 1269 881 1306 in
910 1281 1033 1305 unum

84 1334 271 1382 quodque
300 1340 428 1382 eaput,
454 1334 567 1370 voltu
596 1333 806 1380 mutabilis,
838 1332 948 1370 albus
979 1340 1018 1370 et
1045 1340 1137 1371 ater.

85 1398 184 1435 Utar
213 1405 251 1435 et
280 1410 328 1435 ex
347 1398 508 1435 modico
537 1405 730 1446 quantum
760 1410 820 1435 res
850 1403 989 1446 poscet
1017 1409 1156 1435 acervo
1209 1411 1282 1446 190

83 1463 229 1508 tollam,
259 1474 333 1499 nec
361 1468 537 1499 metuam
566 1462 661 1511 quid
691 1462 741 1500 de
772 1474 836 1500 me
867 1462 1012 1500 iudicet
1043 1462 1168 1507 heres,

82 1527 191 1576 quod
220 1539 302 1565 non
331 1527 445 1576 plura
473 1526 573 1564 datis
603 1527 819 1566 invenerit:
850 1534 888 1564 et
917 1534 1050 1565 tamen
1080 1527 1186 1565 idem

83 1592 180 1629 scire
208 1592 350 1637 volam,
382 1598 574 1640 quantum
604 1590 770 1640 simplex
797 1590 1009 1640 hilarisque
1037 1593 1174 1640 nepoti

82 1657 277 1705 discrepet
308 1663 347 1694 et
377 1664 571 1705 quantum
602 1657 802 1694 discordet
833 1669 973 1706 parcus
1003 1669 1131 1695 avaro.

83 1721 213 1759 Distat
241 1721 360 1767 enirn,
392 1733 550 1770 spargas
579 1729 648 1759 tua
675 1722 863 1772 prodigus
891 1735 942 1759 an
973 1735 1103 1772 neque

187 1793 387 1836 sumptum
1209 1800 1277 1837 195

82 1851 224 1889 invitus
252 1851 371 1889 facias
399 1863 529 1901 neque
557 1852 670 1901 plura
697 1864 834 1902 parare
861 1852 1028 1900 labores,

81 1927 128 1952 ac
155 1915 299 1964 potius,
329 1927 428 1964 puer
456 1922 499 1953 ut
529 1916 636 1954 festis
668 1915 969 1965 quinquatribus
999 1918 1105 1964 olim,

81 1980 221 2028 exiguo
248 1986 436 2029 gratoque
462 1980 597 2018 fruaris
626 1988 803 2031 tempore
832 1982 984 2031 raptim.

83 2045 294 2094 Pauperies
320 2045 526 2084 immunda
553 2047 696 2085 domus
724 2048 859 2096 procul
887 2049 1013 2086 absit:
1042 2060 1115 2097 ego
1145 2055 1272 2086 utrum

150 2150 185 2180 17
191 2150 220 2180 5.
264 2141 311 2172 sic
325 2141 403 2182 quia
421 2143 588 2176 S‘BOMK
617 2155 625 2176 t
648 2144 680 2174 si
693 2144 772 2185 quia
790 2142 829 2174 ω’.
1027 2143 1092 2184 176.
1143 2145 1280 2176 alterius

82 2193 224 2226 w'OMK
252 2206 259 2226 ε
281 2196 417 2227 alternis
437 2198 473 2229 B.
638 2209 707 2240 199.
756 2199 869 2230 domus
877 2199 995 2240 procul
1008 2199 1090 2230 absit
1106 2197 1245 2231 ωΌΜΚ
1271 2210 1278 2231 ;

73 2249 193 2290 procul
199 2250 319 2290 procul
331 2250 415 2282 absit
432 2252 469 2282 B.
