1461 2448
99 150 149 186 30
322 138 558 177 HORAT]
589 138 1034 177 EPISTULARUM
1059 135 1185 190 [XVI.
1207 149 1286 187 3-

97 236 278 286 pomisne
306 251 356 276 an
385 236 503 287 pratis
531 251 581 275 an
610 237 753 275 amicta
780 236 925 275 vitibus
955 238 1075 284 ulmo,

99 301 285 340 scribetur
311 302 381 341 tibi
410 304 533 341 forma
561 301 778 351 loquaciter
805 308 844 339 et
872 301 966 339 situs
994 301 1083 366 agri.
1194 351 1199 356 ⁴
1278 331 1309 357 ’.ἡ

99 365 287 405 Continui
315 373 503 412 montes,
512 365 552 404 ni
580 365 839 404 dissocientur
867 376 1041 415 ορεὶεεψἸ
1052 400 1056 401 ⁷
1061 354 1283 416 μεὶλζῑζῖς
1306 346 1411 423 :ma

97 431 208 477 valle,
239 432 309 469 sed
337 438 380 468 ut
408 430 568 468 veniens
596 431 775 468 dextrum
805 431 905 468 latus
934 427 1097 479 aspiciat
1125 431 1196 478 sol,
1345 418 1381 423 A
1406 426 1410 429 ’

97 494 251 531 laevum
281 493 486 532 discedens
515 507 626 531 curru
656 494 828 543 fugiente
856 501 1027 544 vaporet,

98 560 347 610 Temperiem
375 560 521 597 laudes,
581 558 699 607 Quid,
730 559 761 596 si
789 558 1007 597 rubicunda
1033 559 1194 609 benigni

99 636 218 662 corna
246 637 382 673 vepres
411 631 450 662 et
479 636 604 672 pruna
632 624 786 660 ferant?
823 622 854 661 si
883 636 1048 673 quercus
1079 631 1116 662 et
1150 624 1225 662 ilex

99 690 222 726 multa
249 689 356 738 fruge
385 701 513 737 pecus,
545 689 667 725 multa
694 687 899 726 dominum
918 687 1023 726 iuvet
1041 689 1209 727 umbra?
1241 701 1288 725 10

101 752 220 790 Dicas
249 752 463 789 adductum
492 751 651 800 propius
679 753 859 790 frondere
887 750 1332 801 Tarentumes‘t'·«‘0.f5'-(,

100 817 205 854 Fons
234 815 351 854 etiam
381 815 462 854 rivo
492 816 584 854 dare
613 828 759 853 nomen
789 815 968 860 idoneus,
997 824 1040 854 ut
1068 823 1143 854 nec

99 879 272 929 frigidior
299 881 494 917 Thracam
524 893 597 917 nec
626 880 758 929 purior
787 880 935 919 ambiat
964 882 1138 927 Hebrus,

100 943 256 983 infirmo
285 944 405 993 capiti
433 944 516 983 fluit
544 944 659 990 utilis,
690 945 793 983 utilis
822 946 922 984 alvo.

71 1027 74 1030 >
102 1010 193 1047 Hae
221 1010 390 1047 latebrae
420 1010 554 1047 dulces
584 1009 713 1056 etiam,
743 1010 774 1047 si
802 1009 939 1057 credis,
969 1022 1159 1048 amoenae
1243 1021 1286 1060 15

100 1073 338 1112 incolumem
367 1072 437 1112 tibi
466 1086 528 1112 me
557 1081 753 1123 praestant
782 1074 1074 1123 Septembribus
1103 1073 1215 1112 horis.

102 1139 165 1175 Tu
194 1145 298 1176 recte
326 1137 421 1176 vivis
451 1138 482 1176 si
511 1151 622 1176 curas
651 1151 736 1176 esse
765 1138 873 1187 quod
900 1137 1075 1177 audiss

104 1203 301 1240 Iactamus
330 1203 407 1240 iam
436 1202 589 1252 pridem
619 1202 747 1241 omnis
776 1210 814 1240 te
844 1204 975 1241 Roma
1002 1203 1187 1242 beatum:

103 1267 172 1304 sed
200 1280 336 1305 vereor
363 1280 413 1305 ne
442 1267 504 1305 cui
534 1268 584 1305 de
613 1275 651 1305 te
680 1269 765 1317 plus
794 1280 913 1317 quam
942 1267 1011 1305 tibi
1039 1268 1187 1314 credas,

103 1345 200 1371 neve
228 1340 342 1382 putes
370 1332 489 1370 alium
519 1331 695 1382 sapiente
724 1332 909 1382 bonoque
938 1334 1108 1379 beatum,
1245 1346 1291 1369 20

103 1409 191 1443 neU,
222 1396 254 1434 si
282 1403 320 1435 te
348 1398 516 1446 populus
546 1410 683 1434 sanum
712 1404 895 1446 recteque
923 1398 1120 1435 valentem

104 1460 266 1506 dictitet,
296 1462 490 1499 occultam
519 1461 667 1499 febrem
697 1462 769 1499 sub
798 1468 952 1510 tempus
981 1460 1128 1500 edendi

103 1523 335 1572 dissimules,
366 1525 496 1563 donec
523 1524 704 1563 manibus
733 1532 878 1564 tremor
905 1524 1053 1564 incidat
1080 1525 1217 1563 unctis.

105 1590 318 1628 Stultorum
346 1588 521 1627 incurata
549 1591 678 1639 pudor
705 1591 830 1628 malus
859 1591 989 1629 ulcera
1016 1590 1126 1629 celat.

104 1653 229 1704 Siquis
259 1655 363 1693 bella
390 1654 461 1693 tibi
489 1662 586 1693 terra
615 1662 786 1705 pugnata
814 1654 990 1703 marique
1245 1666 1289 1704 25

105 1720 210 1758 dicat
239 1727 277 1757 et
306 1719 364 1757 his
393 1719 521 1758 verbis
549 1733 689 1758 vacuas
719 1721 960 1769 permulceat
987 1719 1100 1767 auris,

107 1787 220 1822 ‘tene
248 1783 370 1833 magis
399 1784 547 1821 salvum
577 1785 745 1834 populus
774 1784 866 1822 velit
894 1797 944 1821 an
973 1784 1164 1833 populum
1193 1789 1245 1829 tu,

106 1858 230 1889 servet
258 1849 299 1887 in
327 1848 511 1898 ambiguo
541 1848 607 1898 qui
636 1848 804 1895 consulit
832 1855 871 1888 et
899 1848 969 1887 tibi
998 1855 1037 1887 et
1064 1847 1150 1886 urbi

172 1971 201 2001 3.
240 1970 285 1990 an
294 1959 407 2001 pratis
421 1960 444 1998 β
461 1959 546 1989 BM:
569 1963 598 1989 et
606 1959 720 2000 pratis
735 1970 780 1999 αγ
796 1958 873 1991 OK.
1001 1965 1030 1998 5.
1078 1957 1119 1989 ni
1132 1968 1155 1996 ’γ
1171 1958 1271 1989 ΒΟΜ
1287 1970 1294 1988 x

106 2015 137 2045 εἰ
150 2016 193 2054 αβ
210 2014 254 2045 K.
360 2021 387 2053 7.
433 2013 594 2044 discedens
609 2012 642 2043 ω’
659 2013 726 2045 OK
741 2025 748 2046 :
778 2012 962 2044 descendens
978 2016 1008 2044 ς·
1020 2023 1029 2044 :
1058 2012 1200 2043 decedens
1216 2012 1293 2042 ΒΜ.

107 2070 139 2100 8.
184 2068 316 2110 ὗεηζςηί
331 2067 362 2097 ω’
380 2068 514 2100 ΒΟΚΜ
530 2078 538 2098 2
568 2068 735 2108 berzzgrnae.
801 2077 832 2108 9.
868 2067 1113 2108 strant—iuvet
1127 2078 1150 2096 ω
1167 2067 1271 2099 ΟΚΜ
1287 2078 1294 2096 :

97 2122 357 2164 ferunt—iuvat
372 2123 408 2154 B.
492 2122 523 2153 sz'
535 2124 583 2162 βγ
599 2123 736 2155 BOKM
751 2133 758 2153 ε
790 2127 820 2153 el
834 2133 865 2153 α.
987 2132 1035 2160 14.
1080 2121 1183 2157 utilis,
1203 2121 1296 2152 utilis

109 2175 141 2207 ω’
158 2177 292 2209 ΒΟΚΜ
308 2188 315 2207 :
344 2182 439 2217 aptus
453 2181 482 2208 et
498 2177 601 2208 utilis,
712 2185 760 2216 15.
805 2177 900 2206 etiam
916 2176 946 2207 si
959 2176 1057 2207 credis
1073 2187 1096 2206 ω
1113 2175 1218 2208 ΟΚΜ
1233 2186 1241 2206 :
1269 2178 1298 2205 et

110 2231 190 2273 (iam
206 2232 236 2263 sz'
246 2231 358 2271 credis)
377 2232 416 2262 Β.
504 2241 555 2263 22.
590 2231 715 2272 fibrem
732 2243 755 2262 ω
771 2231 873 2262 ΒΚΜ
889 2242 895 2261 ;
910 2230 1033 2272 febrim
1050 2230 1092 2262 O.
