<?xml version="1.0" encoding="UTF-8"?>
<!DOCTYPE html PUBLIC "-//W3C//DTD XHTML 1.0 Transitional//EN"
    "http://www.w3.org/TR/xhtml1/DTD/xhtml1-transitional.dtd">
<html xmlns="http://www.w3.org/1999/xhtml" xml:lang="en" lang="en">
 <head>
  <title>
</title>
<meta http-equiv="Content-Type" content="text/html;charset=utf-8" />
  <meta name='ocr-system' content='tesseract 3.04.00' />
  <meta name='ocr-capabilities' content='ocr_page ocr_carea ocr_par ocr_line ocrx_word'/>
</head>
<body>
  <div class='ocr_page' id='page_1' title='image "./qhoratiflacciepi00hora_0094.png"; bbox 0 0 1461 2448; ppageno 0'>
   <div class='ocr_carea' id='block_1_1' title="bbox 127 133 1320 188">
    <p class='ocr_par' dir='ltr' id='par_1_1' title="bbox 127 133 1320 188">
     <span class='ocr_line' id='line_1_1' title="bbox 127 133 1320 188; baseline 0.001 -17"><span class='ocrx_word' id='word_1_1' title='bbox 127 136 174 185; x_wconf 80' lang='lat'>58</span> <span class='ocrx_word' id='word_1_2' title='bbox 350 135 594 173; x_wconf 79' lang='lat' dir='ltr'><em>HORATJ</em></span> <span class='ocrx_word' id='word_1_3' title='bbox 621 135 1065 174; x_wconf 81' lang='lat' dir='ltr'><em>EPISTULARUM</em></span> <span class='ocrx_word' id='word_1_4' title='bbox 1091 133 1162 188; x_wconf 94' lang='lat' dir='ltr'><strong>[II.</strong></span> <span class='ocrx_word' id='word_1_5' title='bbox 1191 147 1320 182; x_wconf 87' lang='lat'>144—-</span> 
     </span>
    </p>
   </div>
   <div class='ocr_carea' id='block_1_2' title="bbox 126 231 1336 2096">
    <p class='ocr_par' dir='ltr' id='par_1_2' title="bbox 126 231 1316 414">
     <span class='ocr_line' id='line_1_2' title="bbox 126 231 1220 283; baseline -0.001 -12"><span class='ocrx_word' id='word_1_6' title='bbox 126 233 195 272; x_wconf 88' lang='lat' dir='ltr'>sed</span> <span class='ocrx_word' id='word_1_7' title='bbox 224 245 337 271; x_wconf 90' lang='lat' dir='ltr'>verae</span> <span class='ocrx_word' id='word_1_8' title='bbox 367 246 629 282; x_wconf 83' lang='lat' dir='ltr'>numerosque</span> <span class='ocrx_word' id='word_1_9' title='bbox 660 234 880 283; x_wconf 86' lang='lat' dir='ltr'>modosque</span> <span class='ocrx_word' id='word_1_10' title='bbox 909 231 1082 272; x_wconf 83' lang='lat' dir='ltr'>ediscere</span> <span class='ocrx_word' id='word_1_11' title='bbox 1109 231 1220 271; x_wconf 86' lang='lat' dir='ltr'>vitae.</span> 
     </span>
     <span class='ocr_line' id='line_1_3' title="bbox 127 298 1316 348; baseline -0.001 -11"><span class='ocrx_word' id='word_1_12' title='bbox 127 298 321 348; x_wconf 80' lang='lat' dir='ltr'>Quocirca</span> <span class='ocrx_word' id='word_1_13' title='bbox 334 311 489 336; x_wconf 90' lang='lat' dir='ltr'>mecum</span> <span class='ocrx_word' id='word_1_14' title='bbox 504 300 643 347; x_wconf 92' lang='lat' dir='ltr'>loquor</span> <span class='ocrx_word' id='word_1_15' title='bbox 663 300 760 337; x_wconf 90' lang='lat' dir='ltr'>haec</span> <span class='ocrx_word' id='word_1_16' title='bbox 780 299 1000 348; x_wconf 88' lang='lat' dir='ltr'>tacitusque</span> <span class='ocrx_word' id='word_1_17' title='bbox 1018 299 1224 338; x_wconf 88' lang='lat' dir='ltr'>recordor:</span> <span class='ocrx_word' id='word_1_18' title='bbox 1246 310 1316 348; x_wconf 83' lang='lat'>145</span> 
     </span>
     <span class='ocr_line' id='line_1_4' title="bbox 126 363 1047 414; baseline 0.001 -12"><span class='ocrx_word' id='word_1_19' title='bbox 126 365 158 402; x_wconf 87' lang='lat' dir='ltr'>si</span> <span class='ocrx_word' id='word_1_20' title='bbox 186 364 256 402; x_wconf 87' lang='lat' dir='ltr'>tibi</span> <span class='ocrx_word' id='word_1_21' title='bbox 285 365 392 401; x_wconf 93' lang='lat' dir='ltr'>nulla</span> <span class='ocrx_word' id='word_1_22' title='bbox 420 363 523 401; x_wconf 89' lang='lat' dir='ltr'>sitim</span> <span class='ocrx_word' id='word_1_23' title='bbox 553 364 680 402; x_wconf 89' lang='lat' dir='ltr'>finiret</span> <span class='ocrx_word' id='word_1_24' title='bbox 709 363 824 413; x_wconf 83' lang='lat' dir='ltr'>copia</span> <span class='ocrx_word' id='word_1_25' title='bbox 852 365 1047 414; x_wconf 84' lang='lat' dir='ltr'>lymphae,</span> 
     </span>
    </p>

    <p class='ocr_par' dir='ltr' id='par_1_3' title="bbox 127 427 1137 479">
     <span class='ocr_line' id='line_1_5' title="bbox 127 427 1137 479; baseline 0.001 -13"><span class='ocrx_word' id='word_1_26' title='bbox 127 442 298 467; x_wconf 75' lang='lat' dir='ltr'>narrares</span> <span class='ocrx_word' id='word_1_27' title='bbox 326 428 513 467; x_wconf 86' lang='lat' dir='ltr'>medicis:</span> <span class='ocrx_word' id='word_1_28' title='bbox 543 430 651 478; x_wconf 89' lang='lat' dir='ltr'>quod</span> <span class='ocrx_word' id='word_1_29' title='bbox 680 437 827 478; x_wconf 89' lang='lat' dir='ltr'>quanto</span> <span class='ocrx_word' id='word_1_30' title='bbox 855 431 965 479; x_wconf 86' lang='lat' dir='ltr'>plura</span> <span class='ocrx_word' id='word_1_31' title='bbox 992 427 1137 479; x_wconf 85' lang='lat' dir='ltr'>parasti</span> 
     </span>
    </p>

    <p class='ocr_par' dir='ltr' id='par_1_4' title="bbox 128 494 1067 544">
     <span class='ocr_line' id='line_1_6' title="bbox 128 494 1067 544; baseline 0.002 -12"><span class='ocrx_word' id='word_1_32' title='bbox 128 502 237 532; x_wconf 83' lang='lat' dir='ltr'>tanto</span> <span class='ocrx_word' id='word_1_33' title='bbox 267 496 378 544; x_wconf 88' lang='lat' dir='ltr'>plura</span> <span class='ocrx_word' id='word_1_34' title='bbox 407 494 527 544; x_wconf 77' lang='lat' dir='ltr'>cupis,</span> <span class='ocrx_word' id='word_1_35' title='bbox 561 495 708 533; x_wconf 87' lang='lat' dir='ltr'>nulline</span> <span class='ocrx_word' id='word_1_36' title='bbox 737 494 889 533; x_wconf 82' lang='lat' dir='ltr'>faterier</span> <span class='ocrx_word' id='word_1_37' title='bbox 917 496 1067 534; x_wconf 87' lang='lat' dir='ltr'>audes?</span> 
     </span>
    </p>

    <p class='ocr_par' dir='ltr' id='par_1_5' title="bbox 128 558 1074 598">
     <span class='ocr_line' id='line_1_7' title="bbox 128 558 1074 598; baseline 0.001 -1"><span class='ocrx_word' id='word_1_38' title='bbox 128 559 168 597; x_wconf 85' lang='lat' dir='ltr'>Si</span> <span class='ocrx_word' id='word_1_39' title='bbox 196 560 336 596; x_wconf 87' lang='lat' dir='ltr'>volnus</span> <span class='ocrx_word' id='word_1_40' title='bbox 365 558 435 596; x_wconf 87' lang='lat' dir='ltr'>tibi</span> <span class='ocrx_word' id='word_1_41' title='bbox 464 567 678 597; x_wconf 84' lang='lat' dir='ltr'>monstrata</span> <span class='ocrx_word' id='word_1_42' title='bbox 706 560 838 598; x_wconf 82' lang='lat' dir='ltr'>radice·</span> <span class='ocrx_word' id='word_1_43' title='bbox 864 560 926 598; x_wconf 91' lang='lat' dir='ltr'>vel</span> <span class='ocrx_word' id='word_1_44' title='bbox 953 560 1074 598; x_wconf 87' lang='lat' dir='ltr'>herba</span> 
     </span>
    </p>

    <p class='ocr_par' dir='ltr' id='par_1_6' title="bbox 128 623 1323 736">
     <span class='ocr_line' id='line_1_8' title="bbox 128 623 1323 674; baseline 0.001 -14"><span class='ocrx_word' id='word_1_45' title='bbox 128 636 209 661; x_wconf 89' lang='lat' dir='ltr'>non</span> <span class='ocrx_word' id='word_1_46' title='bbox 238 625 347 661; x_wconf 89' lang='lat' dir='ltr'>fieret</span> <span class='ocrx_word' id='word_1_47' title='bbox 374 623 507 669; x_wconf 87' lang='lat' dir='ltr'>levius,</span> <span class='ocrx_word' id='word_1_48' title='bbox 538 625 689 673; x_wconf 82' lang='lat' dir='ltr'>fugeres</span> <span class='ocrx_word' id='word_1_49' title='bbox 717 624 849 663; x_wconf 87' lang='lat' dir='ltr'>radice</span> <span class='ocrx_word' id='word_1_50' title='bbox 876 625 938 662; x_wconf 88' lang='lat' dir='ltr'>vel</span> <span class='ocrx_word' id='word_1_51' title='bbox 965 625 1088 663; x_wconf 86' lang='lat' dir='ltr'>herba</span> <span class='ocrx_word' id='word_1_52' title='bbox 1250 635 1323 674; x_wconf 88' lang='lat'>150</span> 
     </span>
     <span class='ocr_line' id='line_1_9' title="bbox 129 687 1019 736; baseline 0.002 -12"><span class='ocrx_word' id='word_1_53' title='bbox 129 687 357 736; x_wconf 86' lang='lat' dir='ltr'>proficiente</span> <span class='ocrx_word' id='word_1_54' title='bbox 388 688 483 725; x_wconf 85' lang='lat' dir='ltr'>nihil</span> <span class='ocrx_word' id='word_1_55' title='bbox 514 688 705 726; x_wconf 82' lang='lat' dir='ltr'>curarier:</span> <span class='ocrx_word' id='word_1_56' title='bbox 735 689 924 735; x_wconf 85' lang='lat' dir='ltr'>audieras,</span> <span class='ocrx_word' id='word_1_57' title='bbox 954 688 1019 727; x_wconf 87' lang='lat' dir='ltr'>cui</span> 
     </span>
    </p>

    <p class='ocr_par' dir='ltr' id='par_1_7' title="bbox 129 751 1011 802">
     <span class='ocr_line' id='line_1_10' title="bbox 129 751 1011 802; baseline 0.003 -14"><span class='ocrx_word' id='word_1_58' title='bbox 129 765 211 789; x_wconf 91' lang='lat' dir='ltr'>rem</span> <span class='ocrx_word' id='word_1_59' title='bbox 242 751 283 789; x_wconf 94' lang='lat' dir='ltr'>di</span> <span class='ocrx_word' id='word_1_60' title='bbox 313 752 518 800; x_wconf 83' lang='lat' dir='ltr'>donarent,</span> <span class='ocrx_word' id='word_1_61' title='bbox 548 753 602 790; x_wconf 90' lang='lat' dir='ltr'>illi</span> <span class='ocrx_word' id='word_1_62' title='bbox 631 754 822 791; x_wconf 84' lang='lat' dir='ltr'>decedere</span> <span class='ocrx_word' id='word_1_63' title='bbox 851 766 1011 802; x_wconf 82' lang='lat' dir='ltr'>pravam</span> 
     </span>
    </p>

    <p class='ocr_par' dir='ltr' id='par_1_8' title="bbox 130 817 1195 932">
     <span class='ocr_line' id='line_1_11' title="bbox 130 817 1195 867; baseline 0 -11"><span class='ocrx_word' id='word_1_64' title='bbox 130 819 343 865; x_wconf 80' lang='lat' dir='ltr'>stultitiam,</span> <span class='ocrx_word' id='word_1_65' title='bbox 376 825 414 856; x_wconf 91' lang='lat' dir='ltr'>et</span> <span class='ocrx_word' id='word_1_66' title='bbox 443 831 533 855; x_wconf 88' lang='lat' dir='ltr'>cum</span> <span class='ocrx_word' id='word_1_67' title='bbox 563 817 613 856; x_wconf 87' lang='lat' dir='ltr'>sis</span> <span class='ocrx_word' id='word_1_68' title='bbox 643 817 766 856; x_wconf 90' lang='lat' dir='ltr'>nihilo</span> <span class='ocrx_word' id='word_1_69' title='bbox 794 817 1010 867; x_wconf 89' lang='lat' dir='ltr'>sapientior</span> <span class='ocrx_word' id='word_1_70' title='bbox 1037 830 1086 855; x_wconf 87' lang='lat' dir='ltr'>ex</span> <span class='ocrx_word' id='word_1_71' title='bbox 1114 830 1195 866; x_wconf 92' lang='lat' dir='ltr'>quo</span> 
     </span>
     <span class='ocr_line' id='line_1_12' title="bbox 131 882 1148 932; baseline -0.001 -11"><span class='ocrx_word' id='word_1_72' title='bbox 131 883 284 932; x_wconf 86' lang='lat' dir='ltr'>plenior</span> <span class='ocrx_word' id='word_1_73' title='bbox 312 896 364 929; x_wconf 91' lang='lat' dir='ltr'>es,</span> <span class='ocrx_word' id='word_1_74' title='bbox 396 890 527 921; x_wconf 89' lang='lat' dir='ltr'>tamen</span> <span class='ocrx_word' id='word_1_75' title='bbox 557 882 674 920; x_wconf 87' lang='lat' dir='ltr'>uteris</span> <span class='ocrx_word' id='word_1_76' title='bbox 704 882 963 920; x_wconf 85' lang='lat' dir='ltr'>monitoribus</span> <span class='ocrx_word' id='word_1_77' title='bbox 992 882 1148 920; x_wconf 82' lang='lat' dir='ltr'>isdem?</span> 
     </span>
    </p>

    <p class='ocr_par' dir='ltr' id='par_1_9' title="bbox 131 947 1323 1126">
     <span class='ocr_line' id='line_1_13' title="bbox 132 947 1323 998; baseline -0.001 -12"><span class='ocrx_word' id='word_1_78' title='bbox 132 951 185 986; x_wconf 88' lang='lat' dir='ltr'>At</span> <span class='ocrx_word' id='word_1_79' title='bbox 205 947 236 985; x_wconf 87' lang='lat' dir='ltr'>si</span> <span class='ocrx_word' id='word_1_80' title='bbox 256 947 413 986; x_wconf 82' lang='lat' dir='ltr'>divitiae</span> <span class='ocrx_word' id='word_1_81' title='bbox 434 949 666 997; x_wconf 89' lang='lat' dir='ltr'>prudentem</span> <span class='ocrx_word' id='word_1_82' title='bbox 686 948 850 987; x_wconf 87' lang='lat' dir='ltr'>reddere</span> <span class='ocrx_word' id='word_1_83' title='bbox 878 955 1052 998; x_wconf 89' lang='lat' dir='ltr'>possent,</span> <span class='ocrx_word' id='word_1_84' title='bbox 1253 959 1323 997; x_wconf 84' lang='lat'>155</span> 
     </span>
     <span class='ocr_line' id='line_1_14' title="bbox 132 1012 1288 1062; baseline -0.001 -12"><span class='ocrx_word' id='word_1_85' title='bbox 132 1013 163 1050; x_wconf 89' lang='lat' dir='ltr'>si</span> <span class='ocrx_word' id='word_1_86' title='bbox 192 1012 382 1062; x_wconf 87' lang='lat' dir='ltr'>cupidum</span> <span class='ocrx_word' id='word_1_87' title='bbox 413 1012 675 1062; x_wconf 90' lang='lat' dir='ltr'>timidumque</span> <span class='ocrx_word' id='word_1_88' title='bbox 705 1012 834 1051; x_wconf 89' lang='lat' dir='ltr'>minus</span> <span class='ocrx_word' id='word_1_89' title='bbox 865 1021 914 1059; x_wconf 92' lang='lat' dir='ltr'>te,</span> <span class='ocrx_word' id='word_1_90' title='bbox 945 1025 1091 1062; x_wconf 88' lang='lat' dir='ltr'>nempe</span> <span class='ocrx_word' id='word_1_91' title='bbox 1118 1013 1288 1057; x_wconf 86' lang='lat' dir='ltr'>ruberes,</span> 
     </span>
     <span class='ocr_line' id='line_1_15' title="bbox 131 1076 994 1126; baseline 0.003 -13"><span class='ocrx_word' id='word_1_92' title='bbox 131 1077 277 1115; x_wconf 85' lang='lat' dir='ltr'>viveret</span> <span class='ocrx_word' id='word_1_93' title='bbox 305 1076 344 1114; x_wconf 89' lang='lat' dir='ltr'>in</span> <span class='ocrx_word' id='word_1_94' title='bbox 374 1077 483 1114; x_wconf 87' lang='lat' dir='ltr'>terris</span> <span class='ocrx_word' id='word_1_95' title='bbox 512 1084 549 1115; x_wconf 89' lang='lat' dir='ltr'>te</span> <span class='ocrx_word' id='word_1_96' title='bbox 578 1077 697 1126; x_wconf 85' lang='lat' dir='ltr'>siquis</span> <span class='ocrx_word' id='word_1_97' title='bbox 726 1077 876 1116; x_wconf 90' lang='lat' dir='ltr'>avarior</span> <span class='ocrx_word' id='word_1_98' title='bbox 903 1091 994 1116; x_wconf 88' lang='lat' dir='ltr'>uno.</span> 
     </span>
    </p>

    <p class='ocr_par' dir='ltr' id='par_1_10' title="bbox 133 1141 1323 1258">
     <span class='ocr_line' id='line_1_16' title="bbox 133 1141 1323 1191; baseline -0.002 -11"><span class='ocrx_word' id='word_1_99' title='bbox 133 1142 172 1180; x_wconf 86' lang='lat' dir='ltr'>Si</span> <span class='ocrx_word' id='word_1_100' title='bbox 201 1141 405 1191; x_wconf 88' lang='lat' dir='ltr'>proprium</span> <span class='ocrx_word' id='word_1_101' title='bbox 434 1148 493 1179; x_wconf 88' lang='lat' dir='ltr'>est</span> <span class='ocrx_word' id='word_1_102' title='bbox 519 1141 628 1190; x_wconf 93' lang='lat' dir='ltr'>quod</span> <span class='ocrx_word' id='word_1_103' title='bbox 657 1141 744 1190; x_wconf 87' lang='lat' dir='ltr'>quis</span> <span class='ocrx_word' id='word_1_104' title='bbox 772 1142 871 1179; x_wconf 85' lang='lat' dir='ltr'>libra</span> <span class='ocrx_word' id='word_1_105' title='bbox 898 1148 1092 1180; x_wconf 88' lang='lat' dir='ltr'>mercatus</span> <span class='ocrx_word' id='word_1_106' title='bbox 1120 1148 1159 1180; x_wconf 88' lang='lat' dir='ltr'>et</span> <span class='ocrx_word' id='word_1_107' title='bbox 1188 1148 1323 1186; x_wconf 71' lang='lat' dir='ltr'>aerest,</span> 
     </span>
     <span class='ocr_line' id='line_1_17' title="bbox 134 1206 1150 1258; baseline -0.002 -12"><span class='ocrx_word' id='word_1_108' title='bbox 134 1209 341 1258; x_wconf 88' lang='lat' dir='ltr'>quaedam,</span> <span class='ocrx_word' id='word_1_109' title='bbox 373 1207 404 1246; x_wconf 88' lang='lat' dir='ltr'>si</span> <span class='ocrx_word' id='word_1_110' title='bbox 433 1207 559 1245; x_wconf 87' lang='lat' dir='ltr'>credis</span> <span class='ocrx_word' id='word_1_111' title='bbox 588 1206 787 1253; x_wconf 88' lang='lat' dir='ltr'>consultis,</span> <span class='ocrx_word' id='word_1_112' title='bbox 817 1208 1018 1256; x_wconf 88' lang='lat' dir='ltr'>mancipat</span> <span class='ocrx_word' id='word_1_113' title='bbox 1047 1220 1150 1254; x_wconf 91' lang='lat' dir='ltr'>usus,</span> 
     </span>
    </p>

    <p class='ocr_par' dir='ltr' id='par_1_11' title="bbox 134 1272 1328 1386">
     <span class='ocr_line' id='line_1_18' title="bbox 135 1272 1328 1324; baseline -0.004 -11"><span class='ocrx_word' id='word_1_114' title='bbox 135 1274 200 1324; x_wconf 88' lang='lat' dir='ltr'>qui</span> <span class='ocrx_word' id='word_1_115' title='bbox 229 1282 267 1313; x_wconf 91' lang='lat' dir='ltr'>te</span> <span class='ocrx_word' id='word_1_116' title='bbox 295 1273 420 1324; x_wconf 87' lang='lat' dir='ltr'>pascit</span> <span class='ocrx_word' id='word_1_117' title='bbox 448 1286 549 1322; x_wconf 87' lang='lat' dir='ltr'>ager,</span> <span class='ocrx_word' id='word_1_118' title='bbox 580 1280 667 1311; x_wconf 88' lang='lat' dir='ltr'>tuus</span> <span class='ocrx_word' id='word_1_119' title='bbox 698 1280 767 1319; x_wconf 88' lang='lat' dir='ltr'>est,</span> <span class='ocrx_word' id='word_1_120' title='bbox 799 1280 836 1311; x_wconf 90' lang='lat' dir='ltr'>et</span> <span class='ocrx_word' id='word_1_121' title='bbox 863 1272 1002 1310; x_wconf 90' lang='lat' dir='ltr'>vilicus</span> <span class='ocrx_word' id='word_1_122' title='bbox 1032 1272 1140 1318; x_wconf 93' lang='lat' dir='ltr'>Orbi,</span> <span class='ocrx_word' id='word_1_123' title='bbox 1257 1273 1328 1309; x_wconf 83' lang='lat'>160</span> 
     </span>
     <span class='ocr_line' id='line_1_19' title="bbox 134 1336 1186 1386; baseline -0.002 -11"><span class='ocrx_word' id='word_1_124' title='bbox 134 1350 225 1375; x_wconf 90' lang='lat' dir='ltr'>cum</span> <span class='ocrx_word' id='word_1_125' title='bbox 255 1344 405 1386; x_wconf 84' lang='lat' dir='ltr'>segetes</span> <span class='ocrx_word' id='word_1_126' title='bbox 434 1343 546 1374; x_wconf 90' lang='lat' dir='ltr'>occat</span> <span class='ocrx_word' id='word_1_127' title='bbox 575 1336 646 1374; x_wconf 88' lang='lat' dir='ltr'>tibi</span> <span class='ocrx_word' id='word_1_128' title='bbox 675 1349 768 1374; x_wconf 80' lang='lat' dir='ltr'>mox</span> <span class='ocrx_word' id='word_1_129' title='bbox 796 1337 991 1374; x_wconf 89' lang='lat' dir='ltr'>frumenta</span> <span class='ocrx_word' id='word_1_130' title='bbox 1019 1336 1186 1382; x_wconf 81' lang='lat' dir='ltr'>daturas,</span> 
     </span>
    </p>

    <p class='ocr_par' dir='ltr' id='par_1_12' title="bbox 134 1400 1262 1580">
     <span class='ocr_line' id='line_1_20' title="bbox 134 1400 1262 1451; baseline -0.002 -11"><span class='ocrx_word' id='word_1_131' title='bbox 134 1410 173 1441; x_wconf 89' lang='lat' dir='ltr'>te</span> <span class='ocrx_word' id='word_1_132' title='bbox 201 1401 409 1440; x_wconf 89' lang='lat' dir='ltr'>dominum</span> <span class='ocrx_word' id='word_1_133' title='bbox 438 1401 566 1439; x_wconf 86' lang='lat' dir='ltr'>sentit.</span> <span class='ocrx_word' id='word_1_134' title='bbox 625 1402 708 1439; x_wconf 79' lang='lat' dir='ltr'>Das</span> <span class='ocrx_word' id='word_1_135' title='bbox 737 1414 931 1448; x_wconf 91' lang='lat' dir='ltr'>nummos,</span> <span class='ocrx_word' id='word_1_136' title='bbox 961 1400 1106 1451; x_wconf 86' lang='lat' dir='ltr'>accipis</span> <span class='ocrx_word' id='word_1_137' title='bbox 1134 1414 1262 1447; x_wconf 84' lang='lat' dir='ltr'>uvam,</span> 
     </span>
     <span class='ocr_line' id='line_1_21' title="bbox 135 1464 1212 1516; baseline -0.001 -12"><span class='ocrx_word' id='word_1_138' title='bbox 135 1467 275 1516; x_wconf 90' lang='lat' dir='ltr'>pullos,</span> <span class='ocrx_word' id='word_1_139' title='bbox 307 1478 392 1511; x_wconf 91' lang='lat' dir='ltr'>ova,</span> <span class='ocrx_word' id='word_1_140' title='bbox 423 1466 565 1503; x_wconf 90' lang='lat' dir='ltr'>cadum</span> <span class='ocrx_word' id='word_1_141' title='bbox 595 1466 740 1504; x_wconf 88' lang='lat' dir='ltr'>temeti.</span> <span class='ocrx_word' id='word_1_142' title='bbox 800 1467 957 1514; x_wconf 87' lang='lat' dir='ltr'>Nempe</span> <span class='ocrx_word' id='word_1_143' title='bbox 987 1466 1108 1503; x_wconf 88' lang='lat' dir='ltr'>modo</span> <span class='ocrx_word' id='word_1_144' title='bbox 1136 1464 1212 1503; x_wconf 88' lang='lat' dir='ltr'>isto</span> 
     </span>
     <span class='ocr_line' id='line_1_22' title="bbox 137 1529 1129 1580; baseline 0 -13"><span class='ocrx_word' id='word_1_145' title='bbox 137 1530 340 1580; x_wconf 87' lang='lat' dir='ltr'>paullatim</span> <span class='ocrx_word' id='word_1_146' title='bbox 369 1530 550 1568; x_wconf 85' lang='lat' dir='ltr'>mercaris</span> <span class='ocrx_word' id='word_1_147' title='bbox 579 1544 724 1580; x_wconf 80' lang='lat' dir='ltr'>agrum,</span> <span class='ocrx_word' id='word_1_148' title='bbox 756 1532 917 1568; x_wconf 84' lang='lat' dir='ltr'>fortasse</span> <span class='ocrx_word' id='word_1_149' title='bbox 946 1529 1129 1567; x_wconf 88' lang='lat' dir='ltr'>trecentis</span> 
     </span>
    </p>

    <p class='ocr_par' dir='ltr' id='par_1_13' title="bbox 137 1592 1328 1772">
     <span class='ocr_line' id='line_1_23' title="bbox 137 1592 1328 1642; baseline -0.003 -10"><span class='ocrx_word' id='word_1_150' title='bbox 137 1602 203 1632; x_wconf 83' lang='lat' dir='ltr'>aut</span> <span class='ocrx_word' id='word_1_151' title='bbox 233 1594 350 1632; x_wconf 90' lang='lat' dir='ltr'>etiarn</span> <span class='ocrx_word' id='word_1_152' title='bbox 380 1606 495 1642; x_wconf 86' lang='lat' dir='ltr'>supra</span> <span class='ocrx_word' id='word_1_153' title='bbox 525 1606 777 1631; x_wconf 88' lang='lat' dir='ltr'>nummorum</span> <span class='ocrx_word' id='word_1_154' title='bbox 805 1594 961 1632; x_wconf 86' lang='lat' dir='ltr'>milibus</span> <span class='ocrx_word' id='word_1_155' title='bbox 991 1600 1181 1641; x_wconf 88' lang='lat' dir='ltr'>emptum.</span> <span class='ocrx_word' id='word_1_156' title='bbox 1259 1592 1328 1641; x_wconf 81' lang='lat'>165</span> 
     </span>
     <span class='ocr_line' id='line_1_24' title="bbox 139 1657 1162 1709; baseline -0.002 -12"><span class='ocrx_word' id='word_1_157' title='bbox 139 1659 245 1709; x_wconf 85' lang='lat' dir='ltr'>Quid</span> <span class='ocrx_word' id='word_1_158' title='bbox 273 1660 398 1705; x_wconf 85' lang='lat' dir='ltr'>refert,</span> <span class='ocrx_word' id='word_1_159' title='bbox 431 1659 538 1695; x_wconf 82' lang='lat' dir='ltr'>vivas</span> <span class='ocrx_word' id='word_1_160' title='bbox 568 1665 775 1696; x_wconf 82' lang='lat' dir='ltr'>numerato</span> <span class='ocrx_word' id='word_1_161' title='bbox 805 1671 928 1707; x_wconf 91' lang='lat' dir='ltr'>nuper</span> <span class='ocrx_word' id='word_1_162' title='bbox 956 1671 1007 1695; x_wconf 90' lang='lat' dir='ltr'>an</span> <span class='ocrx_word' id='word_1_163' title='bbox 1037 1657 1162 1696; x_wconf 84' lang='lat' dir='ltr'>olim?</span> 
     </span>
     <span class='ocr_line' id='line_1_25' title="bbox 140 1720 1096 1772; baseline -0.003 -11"><span class='ocrx_word' id='word_1_164' title='bbox 140 1726 308 1772; x_wconf 86' lang='lat' dir='ltr'>Emptor</span> <span class='ocrx_word' id='word_1_165' title='bbox 338 1722 484 1759; x_wconf 84' lang='lat' dir='ltr'>Aricini</span> <span class='ocrx_word' id='word_1_166' title='bbox 513 1723 715 1770; x_wconf 89' lang='lat' dir='ltr'>quondam</span> <span class='ocrx_word' id='word_1_167' title='bbox 744 1722 921 1760; x_wconf 91' lang='lat' dir='ltr'>Veientis</span> <span class='ocrx_word' id='word_1_168' title='bbox 951 1729 988 1760; x_wconf 87' lang='lat' dir='ltr'>et</span> <span class='ocrx_word' id='word_1_169' title='bbox 1016 1720 1096 1759; x_wconf 87' lang='lat' dir='ltr'>arvi</span> 
     </span>
    </p>

    <p class='ocr_par' dir='ltr' id='par_1_14' title="bbox 139 1784 1303 1900">
     <span class='ocr_line' id='line_1_26' title="bbox 139 1784 1303 1837; baseline -0.003 -12"><span class='ocrx_word' id='word_1_170' title='bbox 139 1796 317 1837; x_wconf 88' lang='lat' dir='ltr'>emptum</span> <span class='ocrx_word' id='word_1_171' title='bbox 346 1794 460 1824; x_wconf 88' lang='lat' dir='ltr'>cenat</span> <span class='ocrx_word' id='word_1_172' title='bbox 490 1787 615 1833; x_wconf 87' lang='lat' dir='ltr'>holus,</span> <span class='ocrx_word' id='word_1_173' title='bbox 649 1786 826 1836; x_wconf 85' lang='lat' dir='ltr'>quamvis</span> <span class='ocrx_word' id='word_1_174' title='bbox 856 1786 966 1825; x_wconf 90' lang='lat' dir='ltr'>aliter</span> <span class='ocrx_word' id='word_1_175' title='bbox 994 1793 1131 1836; x_wconf 76' lang='lat' dir='ltr'>putat3</span> <span class='ocrx_word' id='word_1_176' title='bbox 1160 1784 1303 1834; x_wconf 86' lang='lat' dir='ltr'>emptis</span> 
     </span>
     <span class='ocr_line' id='line_1_27' title="bbox 140 1844 1164 1900; baseline -0.001 -9"><span class='ocrx_word' id='word_1_177' title='bbox 140 1855 214 1891; x_wconf 83' lang='lat' dir='ltr'>sub</span> <span class='ocrx_word' id='word_1_178' title='bbox 242 1859 400 1890; x_wconf 91' lang='lat' dir='ltr'>noctem</span> <span class='ocrx_word' id='word_1_179' title='bbox 428 1844 598 1900; x_wconf 88' lang='lat' dir='ltr'>gelidam</span> <span class='ocrx_word' id='word_1_180' title='bbox 626 1851 739 1900; x_wconf 84' lang='lat' dir='ltr'>lignis</span> <span class='ocrx_word' id='word_1_181' title='bbox 767 1853 971 1890; x_wconf 86' lang='lat' dir='ltr'>calefactat</span> <span class='ocrx_word' id='word_1_182' title='bbox 999 1863 1164 1890; x_wconf 90' lang='lat' dir='ltr'>aenum:</span> 
     </span>
    </p>

    <p class='ocr_par' dir='ltr' id='par_1_15' title="bbox 141 1915 1336 2030">
     <span class='ocr_line' id='line_1_28' title="bbox 141 1915 1336 1966; baseline -0.004 -10"><span class='ocrx_word' id='word_1_183' title='bbox 141 1919 211 1956; x_wconf 87' lang='lat' dir='ltr'>sed</span> <span class='ocrx_word' id='word_1_184' title='bbox 237 1924 352 1955; x_wconf 86' lang='lat' dir='ltr'>vocat</span> <span class='ocrx_word' id='word_1_185' title='bbox 379 1929 504 1965; x_wconf 91' lang='lat' dir='ltr'>usque</span> <span class='ocrx_word' id='word_1_186' title='bbox 530 1929 655 1962; x_wconf 87' lang='lat' dir='ltr'>suum,</span> <span class='ocrx_word' id='word_1_187' title='bbox 685 1930 762 1965; x_wconf 89' lang='lat' dir='ltr'>qua</span> <span class='ocrx_word' id='word_1_188' title='bbox 781 1917 951 1966; x_wconf 87' lang='lat' dir='ltr'>populus</span> <span class='ocrx_word' id='word_1_189' title='bbox 971 1915 1098 1954; x_wconf 87' lang='lat' dir='ltr'>adsita</span> <span class='ocrx_word' id='word_1_190' title='bbox 1117 1915 1230 1954; x_wconf 86' lang='lat' dir='ltr'>certis</span> <span class='ocrx_word' id='word_1_191' title='bbox 1264 1926 1336 1962; x_wconf 91' lang='lat'>170</span> 
     </span>
     <span class='ocr_line' id='line_1_29' title="bbox 142 1981 1058 2030; baseline -0.003 -10"><span class='ocrx_word' id='word_1_192' title='bbox 142 1983 330 2020; x_wconf 88' lang='lat' dir='ltr'>limitibus</span> <span class='ocrx_word' id='word_1_193' title='bbox 359 1981 489 2018; x_wconf 90' lang='lat' dir='ltr'>vicina</span> <span class='ocrx_word' id='word_1_194' title='bbox 516 1981 655 2029; x_wconf 84' lang='lat' dir='ltr'>refugit</span> <span class='ocrx_word' id='word_1_195' title='bbox 683 1982 828 2030; x_wconf 70' lang='lat' dir='ltr'>iurgia,</span> <span class='ocrx_word' id='word_1_196' title='bbox 857 1988 1058 2029; x_wconf 91' lang='lat' dir='ltr'>tamquam</span> 
     </span>
    </p>

    <p class='ocr_par' dir='ltr' id='par_1_16' title="bbox 143 2045 1320 2096">
     <span class='ocr_line' id='line_1_30' title="bbox 143 2045 1320 2096; baseline -0.004 -10"><span class='ocrx_word' id='word_1_197' title='bbox 143 2049 191 2086; x_wconf 86' lang='lat' dir='ltr'>sit</span> <span class='ocrx_word' id='word_1_198' title='bbox 220 2047 420 2096; x_wconf 87' lang='lat' dir='ltr'>proprium</span> <span class='ocrx_word' id='word_1_199' title='bbox 448 2046 672 2095; x_wconf 87' lang='lat' dir='ltr'>quicquam,</span> <span class='ocrx_word' id='word_1_200' title='bbox 703 2054 853 2095; x_wconf 88' lang='lat' dir='ltr'>puncto</span> <span class='ocrx_word' id='word_1_201' title='bbox 882 2046 992 2096; x_wconf 91' lang='lat' dir='ltr'>quod</span> <span class='ocrx_word' id='word_1_202' title='bbox 1019 2045 1174 2084; x_wconf 89' lang='lat' dir='ltr'>mobilis</span> <span class='ocrx_word' id='word_1_203' title='bbox 1203 2045 1320 2082; x_wconf 83' lang='lat' dir='ltr'>horae</span> 
     </span>
    </p>
   </div>
   <div class='ocr_carea' id='block_1_3' title="bbox 342 2179 1063 2273">
    <p class='ocr_par' dir='ltr' id='par_1_17' title="bbox 342 2179 1063 2273">
     <span class='ocr_line' id='line_1_31' title="bbox 342 2179 1036 2219; baseline 0.001 -9"><span class='ocrx_word' id='word_1_204' title='bbox 342 2190 409 2219; x_wconf 76' lang='lat'>152.</span> <span class='ocrx_word' id='word_1_205' title='bbox 457 2179 615 2210; x_wconf 69' lang='lat' dir='ltr'>donarent</span> <span class='ocrx_word' id='word_1_206' title='bbox 631 2179 771 2211; x_wconf 71' lang='lat' dir='ltr'>oe&#39;OMK</span> <span class='ocrx_word' id='word_1_207' title='bbox 796 2189 803 2210; x_wconf 72' lang='grc' dir='ltr'><em>τ</em></span> <span class='ocrx_word' id='word_1_208' title='bbox 826 2180 983 2210; x_wconf 59' lang='lat' dir='ltr'>damarim</span> <span class='ocrx_word' id='word_1_209' title='bbox 1000 2180 1036 2211; x_wconf 78' lang='lat' dir='ltr'>B.</span> 
     </span>
     <span class='ocr_line' id='line_1_32' title="bbox 343 2232 1063 2273; baseline -0.001 -9"><span class='ocrx_word' id='word_1_210' title='bbox 343 2232 411 2264; x_wconf 77' lang='lat'>161.</span> <span class='ocrx_word' id='word_1_211' title='bbox 457 2233 592 2264; x_wconf 76' lang='lat' dir='ltr'>daturas</span> <span class='ocrx_word' id='word_1_212' title='bbox 615 2234 760 2273; x_wconf 64' lang='lat' dir='ltr'>vyssOM</span> <span class='ocrx_word' id='word_1_213' title='bbox 787 2244 794 2264; x_wconf 88' lang='lat'>:</span> <span class='ocrx_word' id='word_1_214' title='bbox 817 2233 958 2264; x_wconf 69' lang='lat' dir='ltr'>dama-us</span> <span class='ocrx_word' id='word_1_215' title='bbox 974 2233 1063 2273; x_wconf 74' lang='grc' dir='ltr'><em>αβΚ.</em></span> 
     </span>
    </p>
   </div>
  </div>
 </body>
</html>
