1461 2448
96 143 164 180 VI.
188 139 268 194 62.]
563 143 749 180 LIBER
776 143 810 181 J.
1234 154 1278 193 15

95 239 251 279 Scilicet
279 253 440 279 uxorem
468 253 559 279 curn
589 241 682 279 dote
710 241 910 289 fidemque
938 249 977 280 et
1006 241 1154 280 amicos

95 311 134 343 et
160 317 284 354 genus
312 312 352 343 et
378 306 544 343 formam
572 305 705 354 regina
734 306 907 343 Pecunia
935 306 1057 344 donat

94 380 141 407 ac
169 369 270 406 bene
298 375 544 406 nummatum
573 369 733 407 decorat
761 370 929 407 Suadela
956 371 1179 419 Venusque.

96 432 305 482 Mancipiis
333 434 510 482 locuples
539 440 629 481 eget
657 432 755 471 aeris
786 434 1071 482 Cappadocum
1100 448 1183 472 rex:

94 510 145 536 ne
171 497 288 536 fueris
316 497 379 535 hic
408 504 458 535 tu.
511 498 749 547 Chlamydes
779 499 978 545 LuculluS,
1007 506 1050 536 ut
1078 499 1197 546 aiunt,
1229 512 1280 546 40

95 560 127 599 si
154 568 287 610 posset
315 568 474 600 centum
503 574 668 600 scaenae
697 564 882 611 praebere
910 570 1077 612 rogatus,

97 626 185 676 ‘qui
212 639 374 676 possum
403 626 511 665 tot?’
542 627 620 665 ait:
651 629 807 665 ‘tamen
837 635 875 666 et
903 641 1089 677 quaeram
1118 635 1156 666 et
1185 636 1280 677 quot

200 692 356 730 habebo

94 754 269 793 mittam.'
326 757 421 793 Post
448 756 580 804 paullo
609 754 739 794 scribit
767 755 840 794 sibi
868 756 975 793 milia
1002 755 1174 805 quinque

95 832 180 858 esse
208 819 316 858 domi
345 820 615 869 chlamydum3
644 828 795 869 partem
823 821 886 858 vel
915 822 1069 858 tolleret
1099 820 1226 859 omnis

94 883 214 922 Exilis
243 885 384 922 domus
413 891 472 922 est
500 883 569 922 ubi
597 897 678 922 non
707 892 745 922 et
774 885 896 921 multa
924 891 1131 933 supersunt
1227 895 1274 932 45

95 955 134 986 et
162 947 368 986 dominum
397 948 534 985 fallunt
563 955 601 986 et
629 955 792 997 prosunt
820 947 977 986 furibus.
1038 950 1141 997 Ergo

95 1012 127 1051 si
154 1025 214 1051 res
243 1014 326 1051 sola
354 1019 484 1062 potest
512 1014 638 1051 facere
666 1020 704 1051 et
733 1026 884 1051 servare
912 1014 1084 1059 beatum,

95 1078 172 1116 hoc
199 1077 346 1127 primus
373 1084 525 1127 repetas
555 1090 666 1126 opus,
695 1078 772 1116 hoc
801 1085 1022 1126 postremus
1051 1077 1218 1115 omittas.

95 1141 134 1181 Si
162 1143 402 1180 fortunatum
432 1142 582 1191 species
612 1149 651 1179 et
679 1142 801 1191 gratia
828 1149 1010 1191 praestat,

96 1220 312 1245 mercemur
340 1220 491 1244 servum
521 1206 587 1255 qui
616 1206 737 1244 dictet
765 1206 936 1251 nomina,
967 1208 1122 1244 laevum
1227 1218 1281 1255 50

97 1270 165 1319 qui
191 1269 337 1308 fodicet
364 1272 464 1308 latus
494 1278 532 1308 et
560 1278 674 1319 cogat
703 1278 808 1308 trans
836 1271 1014 1319 pondera
1043 1271 1217 1308 dextram

97 1334 307 1385 porrigere:
340 1335 418 1372 ‘hic
445 1336 613 1372 multum
641 1335 682 1372 in
712 1335 834 1373 Fabia
862 1336 976 1380 valet,
1007 1335 1070 1374 ille
1099 1335 1239 1373 Velina
1248 1351 1257 1382 3

98 1399 161 1438 cui
188 1400 282 1438 libet
310 1399 374 1437 hic
401 1399 513 1437 fascis
542 1399 652 1437 dabit
680 1399 893 1449 eripietque
923 1401 1053 1438 curule

98 1465 161 1505 cui
187 1466 292 1503 volet
320 1465 552 1514 inportunus
582 1464 701 1503 ebur)
757 1466 900 1510 Frater,
932 1472 1043 1514 pater
1072 1465 1193 1512 adde3

97 1538 141 1569 ut
170 1529 312 1579 cuique
341 1536 398 1567 est
427 1535 545 1574 aetas,
574 1528 629 1567 ita
657 1541 852 1578 quemque
881 1530 1028 1567 facetus
1057 1530 1211 1579 adopta.
1235 1541 1280 1578 55

99 1593 139 1633 Si
165 1594 268 1632 bene
297 1592 362 1642 qui
390 1600 504 1630 cenat
532 1593 634 1631 bene
662 1592 767 1640 vivit,
798 1594 913 1641 lucet,
947 1606 1081 1631 eamus

99 1671 177 1708 quo
207 1657 314 1696 ducit
341 1658 441 1707 gula,
471 1657 678 1707 piscemur‚
699 1670 897 1704 venemur,
929 1665 971 1696 ut
1000 1658 1094 1696 olim

100 1722 302 1772 Gargilius,
332 1722 397 1770 qui
426 1734 542 1760 mane
570 1723 716 1771 plagas,
746 1723 951 1771 venabula,
983 1735 1124 1769 servos,

100 1786 295 1826 differtum
322 1786 484 1824 transire
512 1787 637 1825 forum
667 1788 936 1836 populumque
964 1786 1136 1834 iubebat,

100 1864 200 1889 unus
227 1858 270 1889 ut
298 1864 320 1889 e
347 1850 480 1889 multis
508 1852 658 1900 populo
687 1859 888 1900 spectante
916 1853 1074 1891 referret
1236 1854 1285 1890 60

101 1923 276 1965 emptum
304 1916 432 1953 mulus
461 1928 606 1964 aprum.
665 1915 788 1955 Crudi
817 1915 1035 1965 tumidique
1064 1917 1246 1961 lavemur,

101 1979 195 2028 quid
224 1979 363 2017 deceat
391 1977 486 2028 quid
514 1992 595 2018 non
624 1979 745 2026 obliti,
777 1979 932 2018 Caerite
960 1992 1048 2017 cera

166 2122 218 2161 48.
259 2121 393 2162 primus
408 2122 452 2161 αβ
468 2121 603 2153 ΒΟΚΜ
618 2133 624 2153 :
649 2123 803 2163 primum
819 2134 853 2161 ·γ.
899 2131 948 2161 50.
985 2124 1113 2154 laevum
1131 2123 1286 2155 BOKM:

101 2185 231 2207 saevum
250 2180 290 2207 ς’.
380 2185 430 2214 51.
464 2176 587 2217 fodicet
603 2180 631 2207 ς’
648 2177 782 2208 BOKM
799 2189 806 2208 ε
825 2177 945 2218 fodiat.
1047 2189 1062 2217 5
1070 2188 1098 2217 3.
1145 2179 1197 2209 hic
1212 2179 1290 2219 ‹zssy'

104 2229 208 2262 OKM
223 2240 230 2260 :
262 2229 290 2260 is
305 2228 346 2268 ’γ”
359 2229 397 2260 Β.
487 2240 537 2271 59.
576 2231 800 2272 populumque
811 2243 833 2261 ω
850 2232 955 2264 ΟΚΜ
970 2243 977 2263 :
1012 2232 1234 2274 Campumque
1249 2234 1286 2264 Β.
