1461 2448
122 114 176 151 11.
199 110 280 164 83.]
567 111 756 148 LIBER
795 111 854 148 ll.
1264 119 1310 159 55

122 213 296 264 eripuere
325 212 444 260 iocos,
475 214 682 259 Venerem,
714 211 904 259 convivia,
934 212 1070 249 ludum
1087 225 1097 259 ;

120 281 290 318 tendunt
318 286 547 328 extorquere
576 283 786 326 poemata:
816 276 911 326 quid
939 276 1078 314 faciam
1109 275 1197 313 vis?

123 344 307 393 Denique
335 356 416 382 non
446 356 583 382 omnes
613 343 752 381 eadem
781 341 968 379 mirantur
996 348 1234 390 amantque:

121 408 294 447 carmine
324 416 366 446 tu
393 408 553 457 gaudes,
582 406 647 444 hic
677 407 894 444 delectatur
922 405 1073 452 iambis,

121 474 185 512 ille
214 472 371 512 Bioneis
400 472 647 511 sermonibus
675 479 714 510 et
742 473 824 510 sale
853 471 972 521 nigro.
1265 472 1313 507 60

120 541 218 577 Tres
247 538 343 576 mihi
372 539 561 577 convivae
590 550 715 587 prope
744 537 950 576 dissentire
976 535 1170 583 videntur,

120 611 331 653 poscentes
359 602 466 641 vario
496 603 663 640 multum
693 602 845 640 diversa
874 603 1017 650 palato.

122 668 229 717 Quid
259 669 380 707 dem?
410 666 518 716 Quid
547 680 628 705 non
657 667 779 704 dem?
808 666 958 704 Renuis
989 674 1042 712 tu,
1073 666 1182 716 quod
1208 664 1314 704 iubet

226 732 346 779 alter3

121 797 228 847 quod
256 796 370 846 petis,
400 795 441 834 id
470 809 563 834 sane
594 802 651 834 est
679 794 850 833 invisum
879 793 1117 843 acidumque
1147 795 1312 833 duobus.

122 864 278 900 Praeter
305 868 434 899 cetera
461 874 525 899 me
554 863 760 899 Romaene
789 868 974 910 poemata
1003 873 1139 898 censes
1266 861 1311 908 65

121 927 289 964 scribere
317 938 435 974 posse
463 925 564 963 inter
591 933 650 963 tot
679 938 790 962 curas
819 932 956 973 totque
986 925 1171 962 labores?

123 990 203 1028 Hic
232 1003 420 1039 sponsum
449 997 575 1036 vocat,
606 989 669 1026 hic
699 989 877 1027 auditum
907 988 1060 1038 scripta,
1092 988 1236 1027 relictis

120 1054 304 1093 omnibus
333 1054 493 1093 officiis:
522 1055 640 1092 cubat
670 1055 734 1092 hic
762 1054 802 1091 in
832 1055 934 1092 colle
965 1053 1131 1102 Quirini,

121 1119 184 1158 hic
213 1128 387 1158 extremo
416 1120 456 1157 in
485 1119 693 1165 Aventino,
725 1119 910 1157 visendus
939 1127 1127 1167 uterque:

122 1183 323 1222 intervalla
351 1183 460 1221 vides
490 1184 662 1222 humane
692 1184 913 1221 commoda.
975 1185 1145 1222 ‘Verum
1270 1195 1317 1231 70

122 1260 242 1296 purae
271 1254 361 1285 sunt
389 1248 555 1295 plateae,
587 1247 683 1284 nihil
712 1254 754 1284 ut
783 1246 1066 1285 meditantibus
1096 1248 1249 1285 obstet.’

124 1311 299 1350 Festinat
328 1312 477 1350 calidus
506 1312 620 1349 mulis
647 1311 869 1361 gerulisque
897 1313 1133 1360 redemptor,

122 1383 278 1425 torquet
306 1389 412 1413 nunc
440 1377 612 1425 lapidem
642 1389 747 1412 nunc
776 1375 914 1424 ingens
943 1376 1126 1413 machina
1154 1376 1316 1425 tignum,

122 1440 244 1478 tristia
271 1440 439 1477 robustis
469 1441 664 1477 luctantur
692 1440 828 1477 funera
857 1440 1050 1488 plaustris,

122 1504 196 1542 hac
223 1504 378 1542 rabiosa
405 1503 501 1553 fugit
530 1504 647 1550 canis,
679 1505 753 1541 hac
782 1505 973 1542 lutulenta
1001 1505 1076 1542 ruit
1105 1518 1193 1543 sus:
1271 1517 1314 1554 75

122 1566 134 1604 i
161 1579 267 1604 nunc
296 1574 334 1605 et
361 1580 492 1604 versus
522 1574 651 1604 tecum
681 1566 871 1605 meditare
900 1580 1076 1606 canoros.

122 1632 362 1681 Scriptorum
383 1633 523 1670 chorus
551 1633 679 1670 omnis
706 1640 811 1670 amat
832 1645 971 1670 nemus
992 1639 1030 1670 et
1050 1632 1146 1682 fugit
1167 1633 1317 1679 urbem,

121 1696 192 1736 rite
220 1697 343 1736 cliens
373 1698 520 1735 Bacchi
550 1711 690 1736 somno
717 1698 925 1747 gaudentis
955 1704 994 1736 et
1022 1699 1184 1736 umbra:

122 1768 163 1798 tu
192 1773 256 1798 me
285 1760 384 1799 inter
413 1762 597 1810 strepitus
625 1769 841 1799 nocturnos
871 1769 991 1810 atque
1020 1762 1181 1799 diurnos

121 1823 179 1862 vis
206 1837 346 1863 canere
375 1832 413 1863 et
442 1832 644 1863 contracta
673 1827 781 1874 sequi
810 1825 974 1875 vestigia
1002 1828 1166 1864 vatum?
1268 1829 1317 1864 80

124 1890 345 1938 Ingenium,
376 1889 448 1928 sibi
477 1891 585 1939 quod
614 1904 755 1929 vacuas
784 1891 1003 1941 desumpsit
1033 1893 1210 1930 Athenas

122 1961 161 1991 et
189 1952 326 1992 studiis
353 1967 478 1992 annos
509 1961 659 2004 septem
689 1955 800 1993 dedit
829 1954 1079 2005 insenuitque

121 2016 227 2055 libris
255 2024 293 2055 et
322 2018 431 2065 curis,
464 2026 591 2057 statua
619 2019 849 2057 taciturnius
879 2020 958 2057 exit

187 2116 239 2148 70.
283 2108 428 2141 humane
443 2111 568 2143 wBOM
595 2122 603 2144 2
626 2111 709 2143 haut
723 2123 800 2143 sane
816 2112 858 2143 K.
1108 2120 1157 2151 77.
1205 2114 1314 2144 urban

121 2161 279 2199 αβΟΜΚ-
302 2174 310 2194 2
332 2163 423 2194 urbis
444 2164 507 2202 713.
766 2170 818 2197 50.
865 2169 1026 2196 contracta
1051 2166 1188 2198 §OMK
1214 2178 1222 2198 ;
1245 2178 1316 2198 con-

121 2220 206 2247 tacta
230 2215 264 2247 ω’
285 2225 294 2248 ;
319 2227 384 2249 non
399 2222 483 2249 tacta
499 2219 538 2251 B.
