1461 2448
160 146 210 191 46
390 145 627 184 HORATJ
659 145 1105 183 EPISTULARUM
1178 142 1227 196 [Ι.
1252 146 1356 194 76—-

161 242 350 291 Indignor
378 243 587 292 quicquam
615 243 860 292 reprehendi,
891 255 972 281 non
1001 243 1092 292 quia
1120 254 1247 281 crasse

159 307 411 354 conpositum
440 307 663 355 inlepideve
692 313 861 355 putetur,
892 306 962 343 sed
990 307 1082 355 quia
1109 317 1247 355 nuper,
1299 343 1304 348 ,

159 381 233 408 nec
261 372 414 409 veniam
444 373 624 421 antiquis,
646 372 717 410 sed
745 372 935 409 honorem
965 378 1003 410 et
1031 372 1203 421 praemia
1230 371 1351 420 posci.

160 435 288 473 Recte
316 448 444 474 necne
472 449 629 474 crocum
659 436 852 485 floresque
881 437 1126 485 perambulet
1154 438 1273 474 Attae

157 500 289 537 fabula
317 500 347 538 si
377 501 566 547 dubitem,
597 501 768 538 clament
798 501 958 550 periisse
987 501 1178 549 pudorem
1303 501 1352 537 80

157 565 290 603 cuncti
319 577 446 614 paene
475 572 614 614 patreS,
645 578 691 603 ea
718 578 809 602 cum
837 566 1121 615 reprehendere
1149 578 1270 604 coner

158 643 260 679 quae
288 631 412 680 gravis
441 631 634 680 Aesopus,
665 643 765 680 quae
794 631 934 669 doctus
964 632 1132 670 Roscius
1161 632 1262 681 egit;

156 695 219 732 vel
246 696 337 744 quia
365 695 420 732 nil
446 703 607 742 rectum,
638 696 711 732 nisi
740 696 849 744 quod
877 697 1022 745 placuit
1050 697 1134 743 sibi,
1165 697 1326 743 ducunt,

156 760 218 798 vel
246 760 337 809 quia
365 766 477 809 turpe
505 767 646 809 putant
674 773 809 809 parere
838 761 1052 799 minoribus
1080 768 1120 800 et
1147 774 1248 811 quae

158 824 352 862 imberbes
381 825 554 863 didicere
584 838 695 863 senes
724 825 927 874 perdenda
954 826 1076 865 fateri.
1303 828 1350 875 85

158 890 244 927 Iam
273 889 417 927 Saliare
447 890 602 927 Numae
631 902 789 927 carmen
818 890 884 939 qui
913 890 1048 928 laudat
1076 897 1113 928 et
1141 890 1237 928 illud

156 954 265 1002 quod
293 966 449 991 mecum
479 955 629 1003 ignorat
658 955 761 992 solus
789 955 871 993 volt
899 955 996 992 scire
1023 955 1157 1003 videri,

157 1018 324 1067 ingeniis
353 1030 434 1055 non
463 1019 527 1056 ille
558 1019 661 1056 favet
689 1019 923 1068 plauditque
950 1019 1125 1068 sepultis,

155 1089 288 1120 nostra
316 1084 385 1121 sed
413 1084 611 1132 inpugnat,
642 1095 715 1121 nos
743 1090 953 1132 nostraque
980 1083 1121 1121 lividus
1150 1083 1245 1122 odit.

157 1147 310 1194 Quodsi
340 1153 419 1184 tam
450 1147 609 1185 Graecis
638 1147 790 1184 novitas
818 1147 942 1185 invisa
968 1147 1103 1185 fuisset
1303 1161 1352 1196 90

156 1223 275 1260 quam
303 1212 429 1258 nobis,
451 1212 548 1260 quid
576 1224 681 1249 nunc
709 1217 812 1249 esset
839 1218 950 1249 vetus
977 1218 1044 1250 aut
1068 1211 1165 1261 quid
1191 1211 1354 1250 haberet

157 1276 265 1324 quod
293 1276 437 1326 legeret
466 1283 685 1325 tereretque
712 1276 856 1314 viritim
885 1276 1067 1325 publicus
1095 1278 1219 1316 usus?

156 1341 214 1379 Ut
242 1341 409 1390 primum
438 1341 576 1390 positis
605 1341 739 1390 nugari
770 1341 936 1379 Graecia
962 1340 1076 1378 bellis

154 1405 286 1454 coepit
314 1412 354 1443 et
381 1405 421 1441 in
449 1404 587 1442 vitium
614 1404 771 1441 fortuna
798 1404 920 1441 labier
947 1415 1084 1451 aequa,

156 1482 262 1507 nunc
289 1470 522 1507 athletarum
552 1469 699 1514 studiis,
730 1481 836 1506 nunc
864 1468 955 1506 arsit
983 1480 1185 1518 equorum,
1303 1478 1351 1517 95

156 1533 358 1571 marmoris
387 1539 455 1570 aut
483 1533 611 1571 eboris
639 1534 768 1570 fabros
800 1540 866 1570 aut
894 1533 992 1570 aeris
1021 1532 1177 1579 amavit,

156 1598 359 1648 suspendit
386 1598 492 1647 picta
518 1598 669 1636 voltum
699 1605 952 1645 mentemque
981 1597 1137 1643 tabella,

154 1677 259 1702 nunc
286 1664 523 1710 tibicinibus,
554 1676 659 1700 nunc
688 1669 746 1701 est
773 1663 905 1711 gavisa
933 1661 1126 1710 tragoedis
1141 1673 1155 1711 5

155 1730 228 1767 sub
256 1729 407 1767 nutrice
434 1729 567 1778 puella
595 1729 703 1766 velut
730 1728 760 1765 si
790 1728 943 1765 luderet
969 1726 1109 1772 infans,

153 1791 263 1839 quod
291 1790 435 1840 cupide
462 1790 585 1840 petiit,
616 1797 766 1827 mature
794 1789 912 1838 plena
939 1787 1100 1837 reliquit.
1277 1801 1350 1826 100

155 1856 250 1892 Hoc
278 1867 394 1904 paces
423 1855 595 1892 habuere
624 1855 754 1891 bonae
781 1852 967 1902 ventique
997 1850 1168 1890 secundi.
1276 1865 1348 1891 102

153 1921 309 1958 Rornae
338 1920 454 1957 dulce
483 1920 551 1957 diu
580 1918 652 1957 fuit
681 1926 719 1956 et
748 1919 939 1956 sollemne
967 1918 1119 1955 reclusa

153 1996 270 2022 mane
299 1985 419 2022 domo
447 1983 614 2033 vigilare,
646 1983 778 2022 clienti
806 1995 984 2033 promere
1012 1982 1106 2028 iura,

153 2057 289 2086 cautos
318 2048 544 2087 nominibus
573 2048 687 2086 rectis
716 2048 936 2097 expendere
964 2058 1160 2094 nummos,
1275 2057 1345 2095 105

221 2186 271 2224 85.
320 2185 470 2217 imberbes
491 2185 583 2216 ωΟΚ
605 2184 858 2216 ττήῑόενῦἰΒΜ.
949 2192 1001 2225 90.
1029 2181 1158 2214 Graecis
1181 2182 1314 2215 ωΟΜΚ
1341 2194 1350 2215 :

162 2238 274 2269 Graiis
299 2239 336 2269 B.
471 2249 541 2279 105.
589 2239 851 2278 cantos-wOMK
879 2251 886 2270 ε
909 2239 1042 2279 scriptos
1065 2237 1103 2272 Β.
