1461 2448
151 138 196 173 16
385 136 629 175 HORATJ
657 136 1093 175 EPISTULARUM
1127 134 1213 190 [VI.
1238 137 1342 186 63—-

148 232 266 283 digni,
297 233 501 283 remigium
530 233 714 272 vitiosum
744 233 962 273 Ithacensis
991 233 1111 282 Ulixi,

149 296 211 334 cui
240 296 368 346 potior
396 296 520 346 patria
547 296 619 335 fuit
646 296 854 335 interdicta
880 298 1072 346 voluptas.

149 361 198 407 Si,
231 361 493 400 Mimnermus
522 361 578 399 uti
606 368 752 408 censet,
783 361 867 400 sine
895 374 1028 400 amore
1056 361 1232 412 iocisque
1289 365 1337 412 65

150 425 205 463 nil
234 432 292 463 est
320 424 547 472 iucundum,
577 425 684 462 vivas
711 424 752 462 in
780 437 913 463 amore
940 424 1126 475 iocisque.

151 490 263 537 Vive,
293 491 389 528 vale.
449 489 585 539 Siquid
613 489 756 528 novisti
783 489 926 528 rectius
954 489 1048 537 istis,

152 554 344 593 candidus
373 553 527 604 imperti
535 568 546 603 3
577 554 608 592 si
637 567 729 602 non,
760 553 819 592 his
848 560 956 592 utere
985 566 1153 592 mecum.

701 766 795 803 VII.
848 776 857 783 ⁴

155 859 339 925 Quinque
369 860 452 900 dies
481 860 550 900 tibi
579 860 773 911 pollicitus
802 873 865 900 me
893 874 980 900 rure
1007 863 1191 908 futurum,

133 926 340 981 lf-SeJtilem
369 933 494 965 totum
522 928 694 965 mendax
721 926 930 965 desideror.
987 926 1131 976 Atqui}

107 983 115 988 “
155 991 186 1030 si
214 1005 277 1030 me
303 991 433 1030 vivere
460 992 517 1030 vis
547 1004 685 1029 sanum
713 999 896 1040 recteque
923 992 1133 1039 valentem,
1224 1041 1229 1052 1
1321 1015 1348 1052 st*

155 1070 273 1107 quam
302 1057 397 1094 mihi
427 1057 496 1094 das
525 1069 652 1106 aegro,
684 1055 796 1105 dabis
825 1063 1024 1105 aegrotare
1051 1047 1319 1102 timentijs-'s‘—‹
1353 1047 1454 1078 ΠΝ(

156 1124 381 1169 Maecenas,
411 1121 578 1166 veniam,
609 1122 704 1159 dum
734 1123 829 1159 ficus
858 1121 984 1171 prima
1012 1122 1194 1171 calorque
1323 1132 1342 1169 5

155 1186 453 1242 dissignatorem
482 1187 651 1238 decorat„
671 1186 873 1224 lictoribus
900 1185 1003 1234 atris,

156 1241 251 1291 dum
279 1251 410 1302 pueris
438 1252 566 1290 omnis
595 1258 707 1301 pater
736 1259 774 1290 et
802 1252 1016 1290 matercula
1042 1251 1174 1301 pallet,

157 1317 408 1367 officiosaque
437 1317 621 1356 sedulitas
650 1324 689 1355 et
717 1318 847 1367 opella
873 1315 1036 1355 forensis

157 1382 316 1420 adducit
344 1382 460 1420 febris
489 1390 527 1420 et
556 1372 997 1431 testaliienffiesignat.

159 1446 311 1495 Quodsi
339 1448 478 1485 bruma
506 1446 604 1484 nivis
633 1445 797 1484 Albanis
826 1445 949 1484 illinet
977 1444 1087 1495 agris,
1301 1457 1346 1481 10

157 1512 208 1550 ad
236 1525 342 1550 mare
370 1512 585 1550 descendet
611 1518 720 1549 vates
748 1517 838 1548 tuus
866 1517 904 1549 et
933 1509 1007 1548 sibi
1034 1516 1168 1560 parcet

158 1583 458 1625 contractusque
486 1576 611 1626 leget:
644 1582 693 1623 te,
725 1574 848 1613 dulcis
877 1574 1013 1621 amice,
1044 1573 1183 1614 reviset

159 1655 248 1679 cum
276 1640 465 1690 zephyris,
496 1640 528 1678 si
556 1641 762 1686 concedes,
793 1647 832 1678 et
859 1639 1065 1678 hirundine
1092 1637 1229 1689 prima.

160 1708 253 1745 Non
281 1719 360 1755 quo
389 1718 497 1744 more
525 1704 616 1755 piris
644 1704 748 1744 vesci
777 1705 945 1744 Calaber
971 1704 1079 1743 iubet
1106 1705 1249 1753 hospes

160 1779 201 1809 tu
229 1784 293 1808 me
321 1770 445 1808 fecisti
473 1771 722 1819 locupletem.
783 1770 974 1808 ‘Vescere
1003 1769 1144 1808 sodes.'
1300 1778 1345 1815 15

163 1842 172 1857 ‘
185 1838 271 1875 Iam
292 1835 382 1873 satis
403 1836 485 1873 est!
529 1836 601 1872 ‘At
620 1841 662 1872 tu
682 1841 872 1884 quantum
891 1833 948 1873 vis
968 1834 1084 1872 tolle.’
1122 1836 1132 1854 ‘
1145 1831 1346 1882 Benigne!

164 1904 277 1940 ‘Non
305 1900 430 1939 invisa
457 1901 555 1938 feres
584 1899 711 1949 pueris
741 1900 973 1937 munuscula
999 1897 1150 1949 parvis.’

164 1969 285 2004 ‘Tam
314 1973 449 2004 teneor
478 1964 584 2002 dono
613 1976 731 2013 quam
761 1962 792 2002 si
820 1962 992 2002 dimittar
1019 1962 1205 2002 onustus.'

226 2075 279 2116 64.
318 2076 434 2117 patria
464 2073 540 2116 αβγ’
569 2074 728 2107 BOKM:
752 2073 881 2115 patriae
908 2071 960 2112 'y''.
1070 2070 1124 2104 68.
1167 2070 1198 2103 si
1222 2080 1288 2103 non
1319 2074 1348 2103 ς’

163 2132 262 2164 BOM
278 2142 285 2162 ε
314 2131 346 2162 sz'
360 2130 415 2161 nil
427 2130 472 2161 K.

226 2185 386 2216 V11.-2.
430 2183 527 2225 atqui
549 2181 582 2224 β’
609 2183 768 2215 BOKM:
805 2186 902 2223 alque
930 2179 1024 2222 αβ”’γ.
1113 2178 1145 2211 6.
1189 2179 1348 2221 ἄίςςζξηα-

163 2246 260 2272 torem
278 2239 349 2270 ΚΜ
364 2250 371 2270 :
402 2238 633 2279 designatorem
651 2236 721 2268 ΒΟ.
1193 2281 1197 2288 1
1390 2253 1410 2279 s
1428 2259 1455 2277 ’,ἡ
