1461 2448
102 137 156 176 11.
184 134 287 188 143.]
537 137 726 175 LIBER
762 137 822 174 II.
1246 148 1292 186 57

101 243 139 274 et
166 242 369 274 versentur
396 236 525 274 adhuc
553 234 654 274 intra
683 234 898 285 penetralia
925 236 1096 282 Vestae3

100 301 308 338 obscurata
336 299 403 338 diu
433 300 584 349 populo
613 300 740 337 bonus
770 306 879 337 eruet
907 306 1027 348 atque
1226 310 1294 348 115

100 364 268 413 proferet
295 363 336 401 in
365 364 494 402 lucem
525 363 703 413 speciosa
729 363 925 400 vocabula
953 375 1092 408 rerum,

100 440 200 476 quae
228 427 364 477 priscis
394 436 610 466 memorata
641 427 862 467 Catonibus
891 434 1023 476 atque
1042 426 1228 476 Cethegis

100 504 207 530 nunc
235 492 330 530 situs
359 491 534 531 informis
564 492 706 542 premit
735 500 774 530 et
802 493 956 530 deserta
983 499 1179 540 vetustas3

100 555 291 594 adsciscet
316 569 431 603 nova,
465 569 565 605 quae
594 555 746 605 genitor
775 554 1002 604 produxerit
1033 567 1135 592 usus.

100 619 274 657 Vemens
305 626 345 673 et
373 618 544 668 liquidus
574 632 750 668 puroque
780 618 999 656 simillimus
1028 617 1135 656 amni
1227 631 1298 655 120

100 684 237 721 frindet
265 696 361 732 opes
391 683 626 733 Latiumque
656 683 787 721 beabit
817 682 937 721 divite
965 682 1122 732 lingua3

100 747 332 786 luxuriantia
363 756 600 797 compescet,
631 747 748 786 nimis
777 761 912 797 aspera
941 760 1038 785 sano

100 813 244 852 levabit
272 815 389 860 cultu,
420 814 560 852 virtute
589 813 760 851 carentia
788 813 908 860 tollet,

100 879 271 917 ludentis
301 879 475 929 speciem
507 878 616 918 dabit
645 887 684 917 et
713 878 968 927 torquebitur,
998 885 1041 916 ut
1069 877 1136 927 qui

101 957 206 982 nunc
226 945 416 993 Satyrum,
438 958 544 982 nunc
565 952 756 993 agrestem
779 945 954 994 Cyclopa
974 952 1163 982 movetur.
1227 955 1296 993 125

101 1008 353 1046 Praetulerim
383 1008 547 1058 scriptor
576 1008 718 1047 delirus
747 1009 930 1058 inersque
958 1009 1093 1056 videri,

101 1072 196 1109 dum
225 1084 315 1109 mea
343 1072 541 1110 delectent
570 1073 674 1110 mala
702 1085 765 1110 me
793 1073 856 1110 vel
885 1072 1058 1122 denique
1087 1074 1233 1119 fallant,

101 1149 220 1185 quarn
249 1149 385 1185 sapere
415 1144 453 1174 et
481 1136 610 1186 ringi?
640 1137 729 1175 Fuit
757 1138 862 1175 haud
891 1136 1073 1187 ignobilis
1102 1138 1214 1188 Argis

101 1200 169 1249 qui
201 1213 243 1238 se
274 1201 460 1239 credebat
491 1201 609 1239 miros
641 1200 774 1239 audire
804 1202 1012 1250 tragoedos

102 1263 142 1301 in
169 1276 296 1302 vacuo
325 1265 448 1302 laetus
479 1277 606 1303 sessor
634 1266 870 1314 plausorque
900 1265 1077 1312 theatr03
1228 1277 1299 1313 130

102 1336 232 1366 cetera
259 1327 326 1377 qui
355 1327 459 1366 vitae
487 1336 656 1367 servaret
685 1328 818 1366 munia
847 1336 954 1366 recto

102 1406 223 1440 more,
252 1394 381 1432 bonus
410 1407 503 1432 sane
531 1393 692 1441 vicinus,
723 1392 900 1431 amabilis
929 1393 1084 1442 hospes,

102 1458 226 1496 comis
254 1457 294 1496 in
322 1472 495 1506 uxorem,
525 1467 658 1508 posset
687 1458 755 1507 qui
783 1457 984 1507 ignoscere
1012 1456 1131 1496 servis

104 1531 142 1562 et
171 1523 281 1573 signo
310 1525 418 1562 laeso
448 1537 529 1562 non
558 1522 727 1561 insanire
756 1524 958 1573 lagoenae,

102 1595 237 1637 posset
258 1587 332 1640 qui
359 1601 497 1638 rupem
527 1596 565 1627 et
593 1596 758 1638 puteum
787 1587 908 1626 vitare
937 1593 1154 1636 patentem.
1227 1600 1270 1636 13
1279 1598 1297 1636 5

106 1650 186 1689 Hic
215 1651 282 1690 ubi
310 1660 567 1702 cognatorum
597 1651 738 1701 opibus
767 1651 948 1700 curisque
975 1652 1142 1689 refectus

104 1714 250 1764 expulit
277 1716 451 1754 elleboro
480 1716 660 1754 morbum
690 1716 890 1765 bilemque
919 1728 1077 1754 meraco

105 1789 144 1819 et
171 1780 271 1820 redit
298 1782 350 1819 ad
378 1793 476 1827 sese,
509 1781 597 1830 ‘pol
627 1794 690 1819 me
719 1780 931 1827 occidistis,
962 1779 1091 1827 amici,

105 1859 186 1884 non
215 1845 409 1884 servastis'
438 1845 502 1893 ait,
536 1845 620 1883 ‘cui
649 1845 703 1883 sic
733 1853 883 1884 extorta
912 1847 1094 1895 voluptas

106 1919 144 1948 et
172 1910 356 1959 demptus
384 1922 456 1959 per
482 1908 562 1948 vim
591 1908 733 1948 mentis
761 1909 1001 1959 gratissimus
1032 1910 1158 1948 error.'
1228 1923 1300 1956 140

107 1973 301 2012 Nimirum
329 1987 467 2024 sapere
495 1982 554 2013 est
582 1974 744 2013 abiectis
772 1974 867 2013 utile
896 1974 1020 2024 nugis,
1275 1976 1278 1979 ’

107 2046 145 2075 et
173 2037 449 2087 tempestivum
478 2038 606 2088 pueris
635 2039 855 2077 concedere
883 2039 1034 2084 ludum,

108 2114 153 2139 ac
182 2113 262 2139 non
290 2102 408 2140 verba
436 2102 546 2152 sequi
574 2102 717 2140 fidibus
747 2102 991 2141 modulanda
1019 2099 1179 2147 Latinis,

389 2248 458 2279 114.
505 2239 597 2270 intra
614 2239 715 2271 BOM
741 2248 748 2270 :
772 2239 858 2270 inter
872 2237 941 2269 ωΚ.
