1461 2448
88 124 139 160 40
290 112 459 151 ΗΘΚΛ
468 113 533 150 TI
550 111 998 150 EPISTULARUM.
1021 103 1147 165 [XIX.
1176 114 1277 150 16—-

88 214 181 252 dum
210 213 342 251 studet
369 212 541 251 urbanus
569 210 775 261 tenditque
803 203 970 250 disertus
997 211 1143 251 haberi.

89 278 249 327 Decipit
279 279 480 327 exemplar
507 277 610 315 vitiis
639 276 837 315 imitabile.
897 276 1051 326 Quodsi

88 343 273 391 pallerem
302 354 407 388 casu,
438 341 621 380 biberent
651 353 847 390 exsangue
876 341 1086 379 cuminum.

89 407 124 445 O
155 405 378 452 imitatores,
409 419 561 444 servum
590 418 724 455 pecus,
754 412 796 443 ut
824 404 919 442 mihi
947 418 1065 454 saepe

87 471 218 517 bilem,
248 483 366 520 saepe
394 471 524 509 iocum
553 469 669 509 vestri
697 483 853 508 movere
882 472 1090 510 tumultus!
1201 520 1207 525 Ι
1230 485 1278 508 20

89 535 231 574 Libera
258 549 340 595 per
354 549 527 594 vacuum
551 534 667 584 posui
695 535 858 584 vestigia
884 535 1107 585 princeps‚.
1203 539 1234 559 *s
1300 530 1339 562 ‘2'
1366 530 1411 558 ’ζῶ
1456 574 1461 580 ,

87 612 168 638 non
197 592 340 638 aliena
351 594 450 638 meo
467 592 591 649 pressi
619 599 734 669 pede.
793 599 873 648 Qui
901 599 975 638 sibi
1003 600 1105 645 fidet,
1253 647 1266 656 as
1295 646 1316 668 C
1400 652 1413 672 ί

1220 652 1227 663 ‘
1246 670 1264 683 ,
1326 652 1436 681 ἦνῆ..)

88 729 244 768 ostendi
273 728 398 775 Latio,
430 741 613 767 numeros
642 713 875 778 animosque
897 703 1060 768 secutus

88 793 324 841 Archilochi,
356 807 436 832 non
465 807 524 832 res
554 801 593 832 et
620 793 775 843 agentia
801 796 921 833 verba
949 796 1186 845 Lycamben.
1231 807 1276 845 25

88 860 149 896 Ac
179 871 228 897 ne
256 871 319 897 me
348 858 449 896 foliis
479 858 570 897 ideo
600 858 842 898 brevioribus
871 873 986 899 ornes

89 923 197 972 quod
225 922 336 960 timui
364 930 514 961 mutare
542 924 682 962 modos
710 931 748 962 et
776 924 957 962 carminis
986 931 1118 972 artem,

89 996 280 1038 temperat
308 987 533 1026 Archilochi
562 993 714 1026 mus‘am
743 991 847 1038 pede
876 991 1049 1028 mascula
1077 990 1269 1039 Sappho,
1284 992 1329 1012 ‘²'
1349 982 1419 1007 ’Ἀ
1421 986 1449 1002 ⁴

89 1060 280 1104 temperat
308 1046 487 1101 Alcaeus,
519 1054 588 1092 sed
616 1055 732 1092 rebus
761 1062 800 1092 et
829 1055 970 1093 ordine
995 1054 1135 1104 dispar,

89 1132 163 1157 nec
191 1131 368 1157 socerum
398 1118 547 1168 quaerit
577 1132 692 1168 quem
722 1118 897 1157 versibus
925 1118 1075 1157 oblinat
1104 1118 1205 1166 atris,
1230 1132 1279 1168 30

95 1198 168 1223 nec
197 1197 365 1234 sponsae
394 1185 577 1233 laqueum
607 1185 759 1222 famoso
788 1183 958 1222 carmine
986 1183 1117 1222 nectit.

92 1251 215 1287 Hunc
243 1261 327 1297 ego,
359 1261 439 1286 non
469 1247 546 1285 alio
575 1248 724 1286 dictum
752 1246 856 1298 prius
885 1261 962 1294 ore,
993 1248 1156 1287 Latinus

89 1312 244 1362 volgavi
272 1312 427 1355 fidicen.
487 1314 601 1350 Iuvat
630 1313 902 1351 immemorata
931 1314 1121 1351 ferentem

67 1383 69 1390 ⁴
92 1377 269 1427 ingenuis
298 1377 500 1427 oculisque
528 1377 603 1426 legi
632 1377 893 1426 manibusque
922 1375 1089 1435 teneri]

92 1443 198 1481 Scire
225 1441 331 1488 velis,
362 1455 451 1481 mea
479 1454 548 1480 cur
575 1441 748 1491 ingratus
779 1443 966 1491 opuscula
994 1444 1118 1480 lector
1231 1454 1277 1491 35

91 1508 224 1544 laudet
251 1512 436 1554 ametque
465 1504 585 1551 domi,
616 1513 763 1554 premat
796 1514 905 1544 extra
932 1507 1053 1545 limen
1081 1506 1255 1556 iniquus:

92 1585 172 1609 non
203 1584 275 1620 ego
304 1578 491 1609 ventosae
520 1570 647 1620 plebis
677 1570 856 1620 suffragia
882 1584 1004 1609 venor

93 1635 280 1685 impensis
310 1648 495 1673 cenarum
525 1642 563 1673 et
594 1635 705 1673 tritae
733 1648 895 1673 munere
923 1635 1050 1684 vestis,

93 1713 174 1738 non
204 1712 276 1749 ego
304 1699 495 1747 nobilium
525 1699 757 1748 scriptorum
785 1700 938 1738 auditor
966 1707 1004 1738 et
1033 1701 1135 1738 ultor

94 1763 364 1814 grammaticas
393 1763 542 1802 ambire
571 1763 691 1802 tribus
721 1771 759 1802 et
787 1763 938 1813 pulpita
966 1764 1115 1813 dignor.
1232 1777 1282 1810 40

53 1829 57 1833 '
98 1827 209 1866 Hinc
238 1827 326 1865 illae
355 1826 549 1865 lacrimae.
611 1827 770 1877 ‘Spissis
800 1828 962 1877 indigna
990 1826 1149 1866 theatris
1188 1836 1197 1853 -·

96 1891 239 1940 scripta
267 1891 392 1940 pudet
418 1891 580 1929 recitare
610 1899 647 1929 et
677 1891 788 1941 nugis
817 1893 963 1930 addere
991 1891 1164 1940 pondus'

98 1955 130 1993 si
159 1954 251 2001 dixi,
284 1954 417 1993 ‘rides'
447 1954 500 1993 ait
530 1958 586 1993 ‘et
617 1955 721 1993 Iovis
751 1955 1009 1994 auribus'ista

99 2032 245 2058 servas:
274 2019 361 2057 fidis
390 2019 494 2056 enim
524 2032 684 2057 manare
713 2019 869 2068 poetica
896 2019 1014 2057 mella

97 2091 135 2122 te
164 2084 303 2130 solum,
325 2082 395 2121 tibi
422 2084 606 2132 pulcher.'
659 2084 724 2121 Ad
753 2084 850 2121 haec
877 2096 950 2132 ego
980 2082 1136 2121 naribus
1164 2081 1219 2120 uti
1234 2094 1282 2131 45

229 2215 279 2236 22.
315 2205 520 2247 fidc't—regjt
535 2206 653 2238 BOM:
674 2206 884 2248 fidet—reget
899 2205 930 2237 ω’
946 2206 992 2238 K.
1032 2235 1036 2238 .
