1461 2448
123 124 176 161 11.
203 120 282 173 25]
579 122 762 160 LIBER
797 123 857 160 Π.
1263 134 1283 171 5
1291 136 1312 170 3

688 368 741 406 II.

122 473 248 519 Flore,
279 473 386 510 bono
415 473 599 521 claroque
628 471 754 510 fidelis
783 469 908 508 amice
938 469 1098 518 Neroni,

121 537 240 587 siquis
269 538 366 575 forte
394 537 486 575 velit
515 549 680 586 puerum
711 535 780 573 tibi
809 535 979 573 vendere
1009 542 1144 572 natum

120 602 268 640 Tibure
295 603 357 640 vel
386 601 521 640 Gabiis
551 608 590 639 et
619 608 750 638 tecum
780 601 835 638 sic
864 608 962 650 agat,
996 599 1082 636 ‘hic
1112 607 1150 636 et

120 665 312 704 candidus
341 673 379 703 et
408 667 508 703 talos
536 678 560 703 a
588 664 731 703 vertice
761 665 925 714 pulcher
952 664 1004 702 ad
1032 663 1131 701 imos

120 732 187 770 fiet
215 730 365 780 eritque
394 738 483 769 tuus
513 743 764 768 nummorum
794 729 952 768 milibus
982 737 1086 777 octo,
1294 741 1313 778 5

119 809 239 834 verna
265 794 487 834 ministeriis
516 796 568 833 ad
597 803 714 833 nutus
743 803 861 844 aptus
889 793 1004 843 erilis,

120 859 295 899 litterulis
324 858 484 898 Graecis
513 859 699 906 imbutus,
730 859 896 897 idoneus
926 858 998 897 arti

119 925 290 974 cuilibet,
323 924 457 975 argilla
484 923 639 974 quidvis
667 923 881 963 imitaberis
909 925 1012 972 uda3

121 988 216 1038 quin
244 988 362 1028 etiam
390 996 506 1027 canet
533 987 738 1026 indoctum
767 989 837 1027 sed
867 989 982 1027 dulce
1011 987 1173 1027 bibenti.

121 1053 252 1092 Multa
278 1053 398 1091 fidem
427 1052 620 1103 promissa
647 1053 779 1091 levant
808 1052 876 1091 ubi
903 1051 1056 1102 plenius
1084 1065 1212 1102 aequo
1272 1066 1317 1089 10

120 1119 254 1157 laudat
281 1118 431 1157 venalis
459 1118 526 1168 q-ui
554 1119 637 1156 volt
665 1118 871 1157 extrudere
900 1131 1061 1157 merces.

121 1184 202 1221 Res
230 1189 368 1232 urguet
396 1196 460 1221 me
489 1183 620 1230 nulla;
648 1195 739 1221 meo
769 1196 856 1221 sum
885 1196 1037 1232 pauper
1064 1182 1105 1220 in
1133 1197 1237 1227 aere.

121 1249 252 1286 Nemo
278 1249 355 1286 hoc
384 1261 624 1297 mangonum
644 1249 790 1286 faceret
813 1248 906 1287 tibi:
936 1261 1018 1287 non
1036 1255 1183 1287 temere
1207 1262 1231 1287 a
1255 1262 1318 1286 me

121 1313 246 1362 quivis
275 1315 391 1352 ferret
418 1312 536 1352 idem.
594 1314 724 1352 Semel
751 1313 815 1351 hic
845 1313 1011 1352 cessavit
1040 1321 1090 1360 et,
1120 1321 1163 1352 ut
1192 1315 1246 1361 fit,

120 1377 161 1414 in
189 1377 302 1416 scalis
331 1377 445 1416 latuit
474 1385 653 1416 metuens
682 1378 894 1427 pendentis
923 1379 1127 1417 habenae:
1272 1391 1315 1428 15

120 1442 190 1479 des
218 1455 415 1490 nummos,
447 1450 612 1493 excepta
640 1442 737 1481 nihil
766 1450 805 1482 te
833 1442 866 1481 si
894 1444 986 1493 fuga
1013 1443 1134 1482 laedit
1150 1444 1170 1482 ι’

119 1508 183 1546 ille
211 1508 308 1546 ferat
334 1507 501 1557 pretium
531 1521 686 1557 poenae
715 1520 885 1554 securus,
917 1507 1069 1557 opinor.

120 1573 299 1611 Prudens
329 1571 460 1610 emisti
490 1572 699 1621 vitiosum3
729 1573 836 1611 dicta
864 1572 936 1611 tibi
965 1580 1025 1611 est
1052 1574 1139 1612 lex:

117 1635 334 1686 insequeris
361 1643 495 1675 tamen
522 1638 627 1675 hunc
656 1644 695 1675 et
722 1637 791 1675 lite
819 1637 980 1675 moraris
1008 1637 1153 1688 iniqua.

120 1700 213 1739 Dixi
240 1713 304 1739 me
332 1700 486 1750 pigrum
514 1700 777 1751 proficiscenti
806 1701 888 1749 tibi,
918 1700 999 1740 dixi
1268 1717 1316 1741 20

118 1765 261 1804 talibus
290 1765 428 1804 officiis
457 1779 582 1815 prope
611 1779 808 1813 mancum,
839 1779 889 1804 ne
918 1779 1006 1805 mea
1035 1779 1172 1805 saevus

118 1831 288 1880 iurgares
318 1830 370 1868 ad
399 1837 437 1869 te
467 1832 576 1880 quod
605 1831 774 1880 epistula
801 1832 909 1869 nulla
936 1831 1087 1870 rediret.

120 1894 228 1943 Quid
256 1902 339 1934 tum
367 1896 528 1945 profeci,
558 1910 716 1935 mecum
744 1896 928 1936 facientia
955 1896 1038 1935 iura

120 1960 153 1998 si
180 1966 312 1999 tamen
339 1964 579 2011 attemptas?
609 1963 791 2011 Quereris
816 1976 932 2012 super
956 1964 1033 2001 hoc
1057 1962 1185 2009 etiam,
1208 1964 1317 2013 quod

120 2031 345 2073 exspectata
373 2024 443 2064 tibi
471 2039 553 2065 non
582 2027 736 2065 mittam
766 2026 941 2065 carmina
969 2027 1149 2065 mendax.
1270 2040 1314 2077 25

183 2121 214 2151 8.
258 2120 438 2153 imitaberis
454 2122 635 2163 assBOMK
664 2136 672 2156 τ
695 2124 882 2156 imitabitur
896 2123 927 2165 ’γ’
952 2133 960 2155 :
986 2124 1200 2155 imitabimur
1213 2123 1262 2164 7⁰.

123 2172 172 2205 16.
217 2174 315 2205 laedit
330 2176 419 2207 vBM
443 2185 451 2207 :
475 2177 583 2208 laedat
598 2176 709 2210 ωΌΚ.
904 2188 957 2209 22.
1003 2179 1123 2210 rediret
1140 2177 1279 2211 w'OMK
1310 2192 1317 2210 :

118 2227 242 2258 veniret
258 2227 297 2258 B.
