1461 2448
170 108 202 146 1.
227 104 307 159 73]
642 106 830 144 LIBER
858 105 892 142 J.
1337 114 1356 152 5

167 215 238 253 per
265 216 371 242 mare
398 202 624 253 pauperiem
651 202 812 252 fugiens,
843 214 912 251 per
940 214 1043 249 saxa,
1076 214 1145 251 per
1173 200 1295 251 ignis:

166 281 217 307 ne
245 281 356 307 cures
385 281 443 316 ea,
473 280 574 317 quae
602 268 717 306 stulte
746 266 894 305 miraris
923 274 962 305 et
991 273 1115 316 optas,

166 333 316 373 discere
343 341 383 373 et
410 333 543 372 audire
572 340 610 372 et
639 332 789 371 meliori
818 333 976 370 credere
1005 345 1086 370 non
1117 331 1203 370 vis?

167 398 265 447 Quis
294 397 439 436 circum
468 410 592 447 pagos
621 404 659 435 et
687 397 834 435 circum
863 396 1041 453 CQFF‘,
1065 409 1222 446 pugnax

167 475 310 512 magna
335 462 514 501 coronari
542 469 770 501 contemnat
800 460 998 510 Olympia,
1028 460 1091 498 cui
1120 473 1222 510 spes,
1310 472 1359 509 50

166 526 230 564 cui
258 525 307 565 sit
335 525 516 565 condicio
544 526 669 564 dulcis
698 526 781 564 sine
810 527 970 575 pulvere
998 526 1195 589 palmaefia

167 591 292 630 Vilius
321 599 524 641 argentum
554 598 611 630 est
640 605 746 639 auro,
776 591 982 629 virtutibus
1011 604 1159 629 aurum.

172 658 231 697 ‘O
260 656 376 704 cives,
405 656 520 705 cives,
552 657 776 706 quaerenda
803 656 972 716 pecunia
999 655 1169 706 primum
1199 663 1256 695 est
1271 671 1281 704 ;

167 721 286 760 virtus
314 729 404 771 post
432 734 617 760 nummos
634 723 662 760 :³
692 722 790 759 haec
819 723 942 773 1399}
971 734 1148 759 summus
1174 721 1224 759 ab
1253 721 1332 759 imo

168 787 369 837 prodocet,
390 780 489 837 baec
506 787 685 838 regimim
704 786 866 824 iuvenes
887 785 1040 831 dictata„
1055 798 1247 835 senesque
1310 796 1356 835 55

167 852 279 890 laevo
308 850 485 901 suspensi
512 852 662 890 loculos
691 851 943 900 tabulamque
971 851 1126 888 lacerto.

169 917 240 954 Est
268 916 421 954 animus
448 915 531 964 tibi,
563 923 654 954 sunt
683 929 821 962 mores,
853 922 911 954 est
938 914 1071 965 lingua
1099 914 1286 964 fidesque,

120 990 127 1005 ‘
168 983 238 1020 sed
267 980 562 1031 quadringentis
591 995 658 1020 sex
686 989 837 1031 septem
867 980 974 1019 milia
1001 981 1168 1019 desunt:

168 1046 281 1095 plebs
309 1046 394 1085 eris.
451 1048 504 1085 At
532 1045 642 1096 pueri
670 1047 849 1084 ludentes
881 1049 969 1084 ‘rex
997 1045 1090 1084 eris'
1120 1044 1239 1091 aiunt,

169 1109 224 1148 ‘si
251 1117 356 1149 recte
383 1110 525 1149 facies.'
581 1111 662 1149 Hic
691 1124 822 1149 murus
851 1123 996 1150 aeneus
1026 1118 1123 1158 esto,
1307 1111 1358 1147 60

168 1174 223 1212 nil
251 1175 426 1214 conscire
455 1175 540 1222 sibi,
570 1177 678 1213 nulla
706 1177 920 1225 pallescere
948 1177 1071 1225 culpa.
1227 1228 1230 1229 ⁷

168 1238 325 1283 Roscia,
354 1239 420 1278 dic
447 1241 575 1288 sodes,
605 1240 742 1278 melior
770 1241 833 1279 lex
860 1254 911 1279 an
939 1253 1150 1290 puerorum
1179 1246 1238 1278 est

168 1303 286 1342 nenia
312 1317 415 1353 quae
442 1317 605 1354 regnum
634 1313 739 1344 recte
766 1305 999 1344 facientibus
1028 1306 1152 1349 offert,

168 1375 207 1408 et
234 1368 404 1408 maribus
434 1368 560 1408 Curiis
589 1377 627 1408 et
655 1371 864 1409 decantata
893 1369 1117 1410 Camillis?

169 1435 262 1472 Isne
289 1432 360 1472 tibi
387 1434 525 1472 melius
553 1435 694 1473 suadet
722 1435 800 1485 qui,
830 1449 913 1474 rem
940 1435 1070 1482 facias,
1100 1447 1195 1481 rem,
1306 1435 1354 1482 65

167 1498 200 1536 si
227 1498 366 1548 possis,
396 1506 512 1545 recte,
543 1499 576 1537 si
602 1512 698 1556 non,
728 1513 978 1550 quocumque
1006 1500 1128 1537 modo
1157 1511 1250 1545 rem,

167 1570 210 1602 ut
238 1563 400 1614 propius
429 1557 817 1616 spectesl'lacrimosa
844 1571 1030 1615 poemata
1058 1564 1169 1614 Pupi,

167 1641 218 1666 an
246 1628 314 1678 qui
343 1629 539 1666 Fortunae
569 1636 608 1668 te
635 1642 865 1679 responsare
894 1631 1086 1680 superbae

166 1692 330 1732 liberum
360 1700 398 1732 et
427 1701 600 1732 erectum
628 1707 812 1744 praesens
840 1696 1016 1734 hortatur
1044 1702 1082 1734 et
1111 1696 1249 1744 aptat?

168 1758 322 1807 Quodsi
349 1772 414 1798 me
441 1761 613 1809 populus
643 1761 848 1799 Romanus
876 1762 975 1800 sorte
1003 1768 1113 1811 roget
1143 1774 1211 1799 cur
1312 1774 1360 1809 70

165 1836 248 1861 non
275 1829 319 1861 ut
337 1823 561 1873 porticibus
591 1824 646 1863 sic
674 1824 827 1864 iudiciis
855 1827 959 1864 fruar
986 1826 1125 1872 isdem,

166 1901 241 1926 nec
269 1901 407 1940 s-e-QQr
434 1896 501 1928 aut
528 1889 673 1943 sutriam
687 1903 805 1940 quae
833 1891 959 1940 diligit
987 1891 1073 1941 ipse
1101 1893 1163 1930 vel
1192 1892 1287 1939 odit
1305 1898 1329 1920 Ο
1367 1911 1371 1913 -

167 1951 261 1992 olim
290 1954 399 2003 quod
426 1954 562 2004 volpes
590 1962 752 2005 aegroto
780 1964 896 1995 cauta
924 1956 1030 1995 leoni

231 2098 285 2139 48.
328 2098 447 2131 discere
459 2101 522 2140 αβε
551 2101 654 2133 dicere
667 2112 702 2141 γ.
770 2101 820 2143 56.
866 2102 955 2133 hunc
969 2112 1099 2133 versum
1111 2101 1233 2150 (tabent
1247 2101 1363 2134 cedices

167 2163 282 2185 omnes.
382 2155 432 2194 58.
480 2155 577 2187 milia
593 2167 627 2188 ω.
675 2156 792 2187 desunt
806 2155 882 2197 αβγ’
897 2157 969 2188 ΚΜ
985 2168 992 2188 :
1017 2156 1120 2188 desint
1134 2156 1214 2197 7¹'B.
1312 2165 1361 2198 72.

167 2211 228 2239 aut
241 2209 285 2249 αβ
294 2217 302 2238 :
332 2212 362 2240 et
376 2207 420 2248 γ’,
437 2219 474 2240 ac
488 2208 540 2249 7⁰.
602 2218 653 2251 73.
698 2211 801 2252 volpes
816 2210 866 2251 7':
896 2212 1007 2253 vulpes
1023 2211 1117 2252 assy'ss

633 2316 757 2345 Ἴμῑ.
915 2306 1035 2348 ᾊᾎςλίρ
1079 2297 1255 2339 “li-lb

180 2330 319 2347 Λ
391 2317 588 2346 .;ι.«,;ί;»
1068 2346 1091 2352 „
1147 2323 1193 2357 E>
