1461 2448
140 165 160 189 2
165 163 186 202 5
192 149 245 204 5.]
440 150 529 188 DE
564 149 730 187 ARTE
765 147 1038 187 POETJCA.
1287 147 1335 196 69

137 256 346 300 spectator,
376 250 614 298 functusque
644 247 762 285 sacris
792 255 830 286 et
860 255 978 296 potus
1009 254 1046 285 et
1077 247 1198 285 exlex.

135 316 284 352 Verum
311 313 366 352 ita
393 313 546 361 risores,
576 313 630 351 ita
658 313 936 351 commendare
965 311 1121 350 dicaces
1260 323 1332 361 225

136 376 345 416 conveniet
374 383 534 425 satyros,
565 375 619 413 ita
646 381 794 413 vertere
824 373 923 411 seria
951 374 1056 418 ludo,

136 454 186 480 ne
215 441 443 491 quicunque
472 441 583 487 deus,
615 439 842 489 quicunque
871 436 1122 475 adhibebitur
1151 437 1277 485 heros,

135 507 253 556 regali
281 514 519 555 conspectus
548 505 588 543 in
617 518 713 543 auro
744 516 868 553 nuper
897 511 936 541 et
965 511 1082 551 ostro,

136 572 275 620 migret
303 570 343 608 in
373 572 560 608 obscuras
589 569 727 607 humili
756 582 937 607 sermone
967 569 1161 614 tabernas,

137 644 203 674 aut
231 637 327 674 dum
354 636 451 674 vitat
480 636 645 673 humum
675 635 801 672 nubes
830 641 868 672 et
897 633 1028 671 inania
1057 639 1197 682 captet.
1259 645 1335 682 230

138 700 300 739 Effutire
329 701 433 738 leves
463 699 625 749 indigna
653 698 852 749 tragoedia
880 712 1027 746 versus,

136 775 179 806 ut
207 767 313 805 festis
342 773 520 804 matrona
547 764 696 802 moveri
726 764 830 802 iussa
859 764 1010 810 diebus,

136 831 309 870 intererit
337 830 472 880 satyris
501 830 663 879 paulum
692 828 925 878 pudibunda
953 827 1153 877 protervis.

137 898 231 935 Non
260 909 334 946 ego
362 896 541 933 inornata
569 902 608 933 et
636 894 881 932 dominantia
910 893 1071 931 nomina
1100 894 1227 931 solum

136 963 342 1010 verbaque,
374 959 549 1006 Pisones,
581 966 794 1008 satyrorum
824 958 988 1008 scriptor
1015 961 1159 997 amabo
1168 972 1179 1006 5
1259 969 1330 1007 235

136 1041 210 1066 nec
239 1028 294 1065 sic
323 1025 447 1064 enitar
475 1024 621 1074 tragico
651 1023 804 1062 differre
834 1023 956 1062 colori

136 1100 178 1130 ut
207 1090 303 1129 nihil
332 1089 482 1128 intersit
511 1090 700 1127 Davusne
729 1090 911 1138 loquatur
939 1096 977 1127 et
1006 1089 1135 1127 audax

138 1154 299 1205 Pythias
328 1147 518 1192 emuncto
547 1154 696 1190 lucrata
725 1152 886 1191 Simone
915 1154 1121 1199 talentum,

137 1232 187 1257 an
217 1226 349 1257 custos
377 1219 624 1267 famulusque
654 1216 718 1255 dei
747 1217 898 1256 Silenus
927 1216 1085 1255 alumni.

138 1286 198 1322 Ex
226 1292 323 1322 noto
352 1285 488 1321 fictum
519 1296 678 1321 carmen
707 1296 858 1332 sequar,
890 1289 933 1320 ut
962 1282 1035 1321 sibi
1064 1282 1190 1332 quivis
1259 1297 1334 1331 240

137 1356 264 1399 speret
292 1348 411 1395 idem,
443 1348 556 1386 sudet
585 1348 750 1385 multum
779 1348 996 1396 frustraque
1024 1347 1174 1385 laboret

137 1426 255 1451 ausus
283 1413 413 1451 idem:
457 1420 610 1450 tantum
640 1412 756 1451 series
786 1412 1042 1461 iuncturaque
1072 1413 1204 1461 pollet,

137 1469 302 1516 tantum*
317 1478 376 1530 de
395 1476 528 1515 medio
558 1476 723 1526 sumptis
752 1476 904 1515 accedit
933 1477 1104 1516 honoris.

137 1544 251 1583 Silvis
279 1543 440 1582 deducti
469 1550 633 1581 caveant
661 1556 725 1580 me
754 1542 884 1581 iudice
913 1542 1051 1591 Fauni,

137 1623 187 1649 ne
215 1610 321 1649 velut
349 1608 475 1646 innati
503 1608 624 1647 triviis
653 1621 701 1646 ac
729 1621 856 1658 paene
884 1609 1059 1647 forenses
1258 1622 1330 1660 245

138 1683 204 1714 aut
232 1673 398 1713 nimium
427 1673 569 1712 teneris
598 1673 835 1722 iQenentur
861 1673 1038 1712 versibus
1067 1687 1255 1724 unquam,
1290 1688 1292 1690 ·

138 1746 205 1777 aut
234 1738 442 1777 immunda
470 1744 632 1787 crepent
660 1736 1004 1786 ignominiosaque
1033 1737 1162 1787 dicta;

138 1805 387 1844 offenduntur
416 1803 520 1842 enim
548 1803 691 1853 quibus
720 1810 778 1841 est
807 1816 929 1852 equus
959 1810 998 1842 et
1027 1811 1135 1854 pater
1163 1811 1202 1842 et
1230 1817 1301 1850 res,

138 1882 223 1916 nec,
255 1868 286 1907 si
314 1868 409 1918 quid
439 1867 537 1906 fricti
566 1866 702 1905 ciceris
731 1868 872 1916 probat
902 1862 1079 1906 et'nucis
1109 1877 1273 1918 emptor,

139 1932 273 1982 aequis
302 1932 499 1982 accipiunt
527 1931 667 1970 animis
696 1932 900 1971 donantve
928 1945 1083 1971 corona.
1258 1946 1334 1983 250

139 1999 294 2049 Syllaba
321 1999 439 2046 longa
468 1996 574 2036 brevi
603 1996 780 2034 subiecta
807 2004 968 2035 vocatur
996 1996 1162 2043 iambus,

139 2077 209 2113 pes
237 2063 360 2111 citus;
388 2063 494 2101 unde
523 2061 640 2100 etiam
670 2061 849 2100 trimetris
878 2075 1098 2101 accrescere
1127 2061 1236 2101 iussit

139 2140 287 2166 nomen
316 2126 490 2175 iambeis,
521 2140 611 2164 cum
640 2139 758 2165 senos
786 2127 966 2165 redderet
994 2126 1092 2164 ictus

140 2191 286 2242 primus
315 2192 367 2230 ad
396 2199 610 2229 extremum
639 2191 773 2228 similis
802 2190 886 2229 sibi.
946 2192 1040 2229 Non
1069 2191 1122 2229 ita
1149 2191 1312 2242 pridem,

140 2256 284 2296 tardior
312 2263 354 2295 ut
382 2257 499 2307 paulo
528 2256 756 2308 graviorque
785 2255 934 2295 veniret
961 2257 1011 2295 ad
1041 2270 1164 2305 aures,
1259 2272 1277 2296 2
1284 2271 1304 2309 5
1312 2270 1332 2308 5
