1461 2448
102 159 151 206 38
260 157 504 196 HORATJ
522 155 969 195 EPISTULARUM
995 152 1167 207 [xvm.
1191 165 1294 203 77-

99 251 288 292 incutiant
316 253 444 292 aliena
471 253 540 292 tibi
569 261 732 303 peccata
760 254 965 304 pudorem.

100 317 284 355 Fallimur
312 324 351 356 et
379 318 580 366 quondam
611 330 690 355 non
721 318 882 367 dignum
911 317 1124 356 tradimus:
1159 330 1251 367 ergo

99 394 217 431 quem
245 394 316 420 sua
343 383 461 431 culpa
487 389 651 431 premet,
683 382 873 432 deceptus
902 383 1038 421 omitte
1067 383 1176 430 tueri,

99 453 142 484 ut
169 445 324 495 penitus
352 453 491 483 notum
521 445 552 483 si
582 452 776 496 temptent
804 447 977 495 crimina,
1008 461 1137 487 serves
1243 450 1293 485 80

99 509 312 559 tuterisque
340 517 409 548 tuo
438 510 626 548 fidentem
654 510 874 560 praesidio:
907 510 975 561 qui

101 574 219 612 dente
248 574 461 612 Theonino
489 587 580 612 cum
609 574 918 622 circumroditur,
949 573 1094 626 ecquid

100 639 151 677 ad
180 646 219 677 te
247 647 336 688 post
365 640 497 689 paullo
526 647 688 678 ventura
716 640 888 690 pericula
917 641 1067 679 sentis?

100 715 192 741 nam
222 711 289 741 tua
317 716 377 742 res
405 704 538 753 agitur,
571 704 696 753 paries
725 718 814 744 curn
844 704 1046 754 proximus
1075 705 1197 754 ardet,

101 774 141 805 et
168 768 345 816 neglecta
373 769 501 806 solent
529 768 711 807 incendia
739 782 893 808 sumere
921 769 1032 809 vires.
1248 772 1296 819 85

104 834 240 871 Dulcis
269 833 478 883 inexpertis
506 835 657 872 cultura
684 834 856 884 potentis
885 834 1024 875 amici:

103 905 282 948 expertus
311 899 459 937 metuit.
518 900 593 946 Tu,
623 899 719 936 dum
749 906 817 938 tua
844 899 954 938 navis
982 899 1022 938 in
1052 900 1132 939 alto
1162 907 1231 945 est,

102 964 180 1002 hoc
207 977 290 1014 age,
319 977 370 1002 ne
399 970 550 1001 mutata
578 971 788 1002 retrorsum
818 970 857 1002 te
885 964 981 1002 ferat
1009 977 1113 1002 aura.

104 1030 282 1069 Oderunt
309 1029 472 1067 hilarem
501 1029 627 1067 tristes
657 1028 884 1078 tristemque
913 1028 1047 1076 iocosi,

104 1095 284 1132 sedatum
313 1095 470 1140 celeres,
500 1093 640 1143 agilem
670 1106 920 1143 gnavumque
949 1092 1111 1140 remissi,
1251 1105 1300 1142 90

105 1158 283 1212 [potores
312 1159 435 1198 bibuli
464 1158 596 1197 media
625 1159 676 1196 de
704 1166 822 1196 nocte
853 1156 1024 1210 Falerni]

105 1224 271 1262 oderunt
299 1231 478 1274 porrecta
507 1230 716 1272 negantem
744 1223 897 1272 pocula,
929 1221 1106 1272 quamvis

105 1297 317 1327 nocturnos
346 1287 447 1327 iures
476 1295 515 1326 te
543 1287 752 1326 formidare
781 1295 948 1336 tepores.

107 1356 234 1393 Deme
263 1352 472 1403 supercilio
498 1353 670 1391 nubem:
704 1353 934 1401 plerumque
962 1351 1164 1389 modestus

106 1425 274 1468 occupat
301 1417 457 1456 obscuri
485 1417 670 1466 speciem,
701 1416 915 1454 taciturnus
944 1416 1084 1454 acerbi.
1252 1427 1299 1465 95

108 1484 215 1520 Inter
243 1489 386 1520 cuncta
413 1483 518 1531 leges
547 1488 586 1519 et
614 1482 898 1531 percontabere
927 1481 1079 1528 doctos,

108 1560 185 1596 qua
212 1545 361 1584 ratione
391 1558 512 1594 queas
540 1546 742 1583 traducere
771 1545 910 1583 leniter
937 1558 1088 1592 aevum,

109 1623 204 1648 num
233 1617 271 1648 te
301 1622 453 1659 semper
481 1609 594 1659 inops
623 1609 743 1659 agitet
770 1617 964 1659 vexetque
994 1608 1152 1659 cupido,

108 1687 204 1712 num
234 1686 356 1723 pavor
384 1681 422 1711 et
451 1686 578 1711 rerum
607 1673 854 1712 mediocriter
882 1673 1035 1712 utilium
1064 1687 1166 1723 spes,

108 1737 290 1776 virtutem
319 1737 498 1776 doctrina
525 1745 634 1787 paret
663 1745 852 1776 naturane
880 1739 1016 1786 donet,
1231 1751 1304 1774 100

111 1804 204 1854 quid
233 1803 382 1841 minuat
411 1815 532 1849 curas,
565 1802 661 1852 quid
689 1810 727 1841 te
756 1802 826 1841 tibi
854 1803 994 1841 reddat
1021 1801 1204 1848 amicum,

111 1869 208 1918 quid
235 1881 330 1918 pure
360 1867 594 1916 tranquillet,
625 1868 753 1906 honos
781 1880 831 1905 an
861 1868 978 1907 dulce
1006 1869 1190 1907 lucellum

111 1950 162 1974 an
190 1941 382 1974 secretum
409 1931 482 1971 iter
510 1939 549 1970 et
577 1932 745 1970 fallentis
775 1931 915 1971 semita
942 1932 1055 1971 vitae.

177 2084 229 2116 80.
275 2086 315 2115 ut
329 2094 353 2114 ω
370 2083 496 2115 OKM:
527 2086 563 2114 at
575 2082 613 2114 B.
720 2083 772 2114 81.
800 2082 957 2123 fidentem
975 2080 1008 2112 ω’
1024 2082 1131 2114 ΟΚΜ
1147 2094 1154 2113 :
1169 2082 1310 2123 fidenter

114 2139 155 2171 B.
243 2146 297 2180 90.
343 2147 530 2179 navumque
546 2136 577 2167 ω’
594 2137 720 2168 OKM:
741 2147 951 2178 gnavumque
966 2137 1003 2167 B.
1093 2146 1145 2178 91.
1184 2142 1309 2177 potores

113 2192 303 2231 —Falerni,
322 2203 389 2223 non
406 2193 528 2224 habent
544 2192 673 2224 codices
689 2191 833 2223 melioris
851 2197 960 2223 notae.
1049 2201 1103 2233 93.
1147 2195 1260 2234 tepores
1276 2191 1308 2222 ω’

116 2249 238 2281 ΒΚΜ;
265 2253 396 2289 vapores
411 2247 455 2281 O.
