1461 2448
135 163 182 198 32
324 150 493 188 ΗΘΚΛ
503 150 568 187 Τ]
595 148 1041 189 EPISTULARUM
1066 144 1194 198 [XVI.
1218 156 1237 196 5
1245 156 1322 196 5--

133 248 237 284 Nam
266 247 316 285 de
345 245 451 284 mille
479 246 591 283 fabae
620 244 761 283 modiis
790 257 880 282 cum
910 243 1065 293 surripis
1094 256 1227 290 unum,
1271 253 1318 293 55

133 311 321 349 damnum
351 317 420 357 est,
450 322 532 348 non
562 308 721 356 facinus,
752 307 848 346 mihi
876 315 993 357 pacto
1022 307 1149 346 lenius
1177 307 1264 345 isto.

130 375 202 412 Vir
230 375 371 422 bonus,
403 386 522 412 omne
550 374 675 411 sorum
709 385 828 423 quem
857 379 1006 422 spectat
1039 380 1077 411 et
1110 385 1228 410 omne
1261 370 1323 410 tri-

238 440 371 485 bunal,

133 505 464 555 quandocumque
489 502 585 541 deos
613 503 675 540 vel
704 515 823 551 porco
852 503 914 540 vel
942 503 1043 540 bove
1071 502 1212 550 placat,

135 572 256 608 ‘Iane
285 568 416 618 pater'
447 569 560 615 clare,
592 568 694 604 clare
723 580 813 604 cum
843 566 940 604 dixit
970 567 1162 615 ‘Apollo,⁷

131 635 240 673 labra
268 640 401 671 movet
428 640 607 670 metuens
636 631 760 669 audiri
791 631 975 680 ‘pulchra
1004 631 1194 678 Laverna,
1271 631 1320 667 60

132 701 184 738 da
212 698 307 736 mihi
336 698 478 743 fallere,
510 697 560 734 da
588 695 690 733 iusto
720 703 935 744 sanctoque
962 694 1096 741 videri,

133 770 289 801 noctem
319 760 490 810 peccatis
520 767 558 798 et
586 759 784 798 fraudibus
813 760 926 798 obice
953 760 1128 798 nubem!

134 827 213 876 Qui
242 827 379 864 melior
408 838 529 872 servo,
561 825 627 875 qui
656 824 811 863 liberior
839 824 886 863 sit
914 838 1062 872 avarus,

132 892 173 930 in
202 890 320 929 triviis
350 891 468 927 fixum
498 902 587 926 curn
618 901 658 926 se
688 887 857 926 demittit
886 889 949 926 ob*
967 901 1107 934 assem,

132 968 214 994 non
232 954 357 992 video.
401 955 505 991 Nam
526 953 592 1002 qui
612 952 754 1002 cupiet,
774 959 922 991 metuet
942 965 1119 1002 quoque:
1140 964 1254 1002 porro
1271 954 1319 1002 65

132 1019 199 1069 qui
227 1026 406 1057 metuens
434 1017 548 1064 vivet,
579 1017 676 1055 liber
703 1016 799 1054 mihi
827 1030 906 1055 non
937 1016 1008 1055 erit
1036 1029 1233 1066 umquam.

131 1083 306 1122 Perdidit
335 1095 452 1128 arma,
482 1083 614 1119 locum
642 1080 791 1119 virtutis
821 1081 1001 1128 deseruit,
1031 1081 1098 1130 qui

132 1160 287 1196 semper
315 1146 355 1184 in
385 1146 564 1195 augenda
591 1144 748 1183 festinat
776 1152 814 1183 et
843 1144 1017 1183 obruitur
1045 1157 1094 1182 re.

131 1212 313 1250 Vendere
342 1224 432 1248 cum
462 1210 587 1259 possis
616 1209 824 1258 captivum,
855 1209 1034 1247 occidere
1063 1208 1163 1246 noli:

133 1276 272 1314 serviet
301 1274 463 1313 utiliter:
492 1274 575 1313 sine
604 1281 738 1324 pascat
768 1275 887 1312 durus
916 1281 1089 1322 aretque,
1273 1284 1321 1321 70

132 1340 288 1390 naviget
315 1353 362 1377 ae
390 1339 530 1378 mediis
558 1339 704 1378 hiemet
733 1346 925 1377 mercator
952 1338 993 1376 in
1022 1337 1150 1384 undis,

132 1418 313 1443 annonae
342 1405 477 1453 prosit7
508 1412 638 1453 portet
667 1405 860 1442 frumenta
887 1416 1101 1453 penusque.

131 1470 201 1507 Vir
229 1470 356 1508 bonus
386 1476 424 1507 et
453 1469 609 1517 sapiens
638 1467 799 1506 audebit
829 1467 957 1505 dicere
988 1467 1201 1512 ‘Pentheu,

132 1541 259 1572 rector
286 1535 524 1579 Thebarum,
556 1532 652 1581 quid
681 1545 745 1570 me
773 1533 940 1581 perferre
968 1530 1127 1580 patique

132 1597 338 1648 indignum
368 1597 533 1648 coges?'
564 1597 766 1636 ‘Adimam
796 1597 924 1634 bona!
987 1596 1160 1644 ‘Nempe
1188 1607 1320 1644 pecus,

238 1675 333 1709 rem,
1274 1670 1320 1708 75

132 1729 267 1773 lectos,
298 1733 511 1776 argentum.
570 1726 705 1763 Tollas
734 1724 850 1763 licet.'
907 1724 978 1762 ‘In
1007 1722 1171 1761 manicis
1199 1731 1237 1762 et

132 1791 390 1840 compedibus
420 1803 536 1828 saevo
564 1797 603 1828 te
632 1792 704 1827 sub
733 1789 896 1827 custode
924 1789 1091 1827 tenebo.'

135 1859 251 1907 ‘Ipse
283 1857 393 1901 deus,
415 1855 529 1893 simul
560 1862 678 1903 atque
708 1855 850 1900 volam,
871 1866 936 1891 me
967 1853 1115 1891 solvet.'
1171 1852 1324 1902 Opinor

132 1922 209 1959 hoc
238 1920 365 1967 sentit,
397 1919 582 1957 ‘morian’
639 1920 749 1956 Mors
777 1917 914 1956 ultima
940 1916 1043 1955 linea
1069 1929 1196 1955 rerum
1225 1924 1293 1956 est.

199 2062 251 2095 61.
286 2051 379 2093 riusto
408 2065 578 2101 sanctoque
608 2064 637 2091 ς·
670 2059 828 2092 ΒΟΚΜ;
874 2059 996 2090 iustum
1033 2063 1244 2100 sanctumque
1282 2064 1321 2091 ς’.

134 2116 185 2148 66.
233 2117 317 2147 vivet
347 2114 379 2146 ω’
409 2114 538 2147 OKM:
567 2114 656 2145 vivit
685 2114 723 2144 B.
815 2123 864 2154 7²·
901 2118 1071 2155 penusque
1100 2112 1132 2143 ω’
1163 2113 1321 2145 ΒΟΚΜ;

128 2177 324 2212 pmumque.
