1461 2448
101 146 131 183 Ι.
160 141 262 196 131.]
550 143 738 182 LIBER
775 143 835 181 II.
1241 152 1290 190 47

99 245 265 284 maiores
292 244 438 291 audire,
468 243 609 283 minori
638 242 778 289 dicere,
807 255 878 292 per
904 254 1005 292 quae

98 323 271 349 crescere
298 323 359 349 res
387 317 534 361 posset,
565 308 688 347 minui
717 309 909 347 damnosa
937 306 1072 346 libido.

99 375 209 424 Quid
240 376 372 425 placet
405 382 472 413 aut
505 373 598 414 odio
630 380 702 422 est,
734 373 844 423 quod
881 385 962 411 non
1000 370 1186 410 mutabile

204 439 372 477 credas?
1033 462 1036 464 v
1220 448 1289 473 101

98 502 269 541 Mutavit
297 509 472 541 mentem
501 502 671 552 populus
699 500 795 540 levis
823 506 863 539 et
891 500 992 538 calet
1020 511 1102 538 uno

97 565 294 605 scribendi
323 566 467 614 studio,
500 565 610 615 pueri
639 572 849 616 patresque
877 563 1000 602 severi

95 630 235 669 fronde
263 642 398 668 comas
426 629 546 668 vincti
575 637 718 668 cenant
747 637 785 667 et
814 629 988 667 carmina
1014 628 1173 667 dictant.
1222 641 1294 666 110

98 695 190 744 Ipse
218 707 303 744 ego,
334 695 401 743 qui
429 695 559 732 nullos
589 707 653 733 me
682 694 847 732 adfirmo
877 693 1046 732 scribere
1073 706 1217 739 versus,

94 757 275 797 invenior
303 758 454 796 Parthis
482 757 712 797 mendacior
739 765 778 796 et
805 757 912 807 prius
941 765 1027 796 orto

96 822 180 861 sole
207 821 298 872 vigil
326 823 522 860 calamum
553 830 592 861 et
620 824 772 861 chartas
801 830 840 861 et
869 822 1009 861 scrinia
1037 834 1171 872 posco.

97 888 252 926 Navem
281 900 394 937 agere
422 886 579 937 ignarus
608 887 717 926 navis
744 887 866 934 timet,
889 888 1153 926 habrotonum
1177 900 1294 937 aegro

96 963 178 989 non
192 951 312 990 audet
324 950 397 989 nisi
412 952 479 1001 qui
492 951 629 990 didicit
645 952 748 999 dare,
764 953 872 1001 quod
887 952 1131 991 medicorum
1144 960 1203 992 est
1221 966 1236 990 1
1248 966 1261 990 1
1272 964 1291 1002 5

95 1015 329 1066 promittunt
356 1016 511 1064 medici,
542 1024 710 1056 tractant
737 1017 887 1056 fabrilia
914 1017 1037 1058 fabri:

96 1080 300 1119 scribimus
328 1080 479 1120 indocti
509 1081 697 1131 doctique
726 1090 910 1131 poemata
937 1082 1095 1132 passim.

97 1144 180 1182 Hic
207 1157 312 1183 error
339 1152 540 1183 tamen'et
567 1145 663 1183 levis
692 1146 791 1183 haec
819 1145 972 1184 insania
998 1153 1163 1196 quantas

95 1209 256 1249 virtutes
283 1210 428 1248 habeat
457 1210 513 1248 sic
541 1210 692 1260 collige.
749 1211 861 1249 Vatis
888 1224 1025 1250 avarus

95 1287 178 1313 non
219 1282 366 1315 temere
404 1283 463 1314 est
500 1275 677 1316 animus:
720 1289 855 1315 versus
892 1284 1011 1326 amat,
1049 1277 1127 1316 hoc
1164 1278 1294 1315 studet

202 1352 325 1378 unum
340 1355 350 1387 ;
458 1361 462 1364 ·
1219 1355 1293 1381 120

94 1402 338 1451 detrimenta,
369 1405 478 1454 fugas
507 1417 718 1451 servorum,
748 1403 932 1444 incendia
958 1405 1084 1455 ridet;

93 1481 176 1508 non
203 1470 380 1508 fraudem
409 1470 517 1509 socio
546 1483 717 1520 puerove
746 1471 934 1521 incogitat
961 1472 1082 1510 ullam

93 1533 270 1584 pupillo;
305 1534 399 1573 vivit
427 1534 575 1584 siliquis
605 1543 644 1574 et
673 1548 777 1585 pane
806 1536 995 1582 secundo,

93 1597 253 1636 militiae
281 1611 521 1648 quamquam
550 1600 659 1649 piger
687 1607 726 1638 et
754 1601 891 1646 malus,
922 1600 1027 1639 utilis
1055 1599 1150 1647 urbi,

93 1661 125 1700 si
153 1662 224 1700 das
251 1662 339 1709 hoc,
369 1662 497 1713 parvis
526 1676 685 1712 quoque
713 1665 830 1703 rebus
859 1677 1003 1714 magna
1030 1664 1161 1703 iuvari.
1219 1677 1288 1715 125

94 1726 151 1765 Os
180 1732 359 1765 tenerum
388 1726 500 1776 pueri
529 1727 771 1777 balbumque
799 1735 917 1778 poeta
944 1730 1092 1778 figurat,

91 1796 248 1839 torquet
275 1791 326 1829 ab
355 1792 561 1829 obscaenis
590 1791 667 1829 iarn
697 1805 804 1830 nunc
832 1792 1078 1832 sermonibus
1107 1806 1255 1839 aurem,

91 1866 185 1891 mox
213 1853 329 1892 etiarn
358 1861 496 1904 pectus
525 1855 744 1905 praeceptis
772 1857 915 1894 format
943 1856 1090 1903 amicis,

90 1917 308 1966 asperitatis
337 1925 375 1956 et
404 1917 577 1957 invidiae
605 1926 801 1957 corrector
828 1926 868 1958 et
895 1919 987 1967 irae,

90 1988 196 2018 recte
223 1982 326 2019 facta
353 1983 480 2030 refert,
511 1982 678 2021 orientia
705 1990 885 2032 tempora
913 1984 1015 2022 notis
1218 1990 1290 2034 130

91 2043 245 2084 instruit
273 2047 472 2097 exemplis,
503 2048 666 2097 inopem
694 2049 841 2086 solatur
869 2055 908 2087 et
936 2061 1106 2098 aegrum.

160 2198 228 2230 109.
271 2191 370 2230 pueri
384 2189 525 2223 ωὈΜΚ
547 2204 553 2224 :
563 2193 723 2234 puerique
738 2193 776 2223 B.
870 2203 941 2233 114.
987 2203 1102 2224 navem
1121 2194 1254 2225 §BMK
1280 2204 1289 2226 :

93 2243 208 2272 mzw'm
235 2243 308 2275 S‘O.
