1461 2448
118 133 228 172 XVI.
252 130 332 184 54]
591 132 778 170 LIBER
806 132 839 169 I.
1260 141 1304 177 31

119 231 320 281 Iuppiter,'
351 230 519 280 Augusti
547 230 682 268 laudes
711 241 922 278 agnoscere
952 227 1094 278 possis:

119 310 209 335 curn
238 295 381 346 pateris
410 296 565 345 sapiens
594 295 905 342 emendatusque
933 293 1076 339 vocari,
1257 305 1306 340 30

119 361 388 411 respondesne
416 367 495 407 tuo,
527 358 591 396 dic
620 358 748 404 sodes,
779 356 967 394 nomine?
1008 358 1178 405 ‘Nempe

119 424 177 463 vir
204 426 331 463 bonus
361 431 400 462 et
429 424 602 473 prudens
632 421 710 460 dici
739 422 914 459 delector
943 432 1026 468 egov
1046 432 1092 457 ac
1121 421 1188 456 tu.'

122 488 202 538 Qui
230 488 340 527 dedit
367 489 444 527 hoc
471 487 600 534 hodie,
630 499 726 532 cras,
757 486 788 523 si
817 486 931 531 volet,
963 485 1121 531 auferet,
1151 491 1192 522 ut
1222 483 1253 521 si

121 552 303 591 detulerit
330 551 444 590 fascis
472 551 646 601 indigno,
677 550 854 588 detrahet
882 548 998 587 idem.

123 621 267 666 ‘Pone,
298 630 429 656 meum
460 618 538 655 est'
561 615 712 665 inquit:
742 627 850 664 pono
871 613 1066 663 tristisque
1086 613 1237 651 recedo.
1263 624 1310 662 35

123 683 238 721 Idem
268 681 300 719 si
328 682 470 719 clamet
498 682 633 724 furem,
663 687 778 728 neget
808 690 892 717 esse
921 677 1121 727 pudicum,

122 747 338 785 contendat
366 747 508 795 laqueo
537 746 682 783 collum
711 743 895 793 pressisse
924 750 1141 792 paternum,

122 812 302 850 mordear
329 810 546 861 opprobrils
575 809 680 848 falsis
709 816 939 857 mutemque
968 809 1150 846 colores?

123 876 259 914 Falsus
288 876 414 913 honor
441 874 546 912 iuvat
574 882 612 913 et
645 874 815 912 mendax
842 872 1002 911 infamia
1030 880 1145 911 terret

123 952 240 990 quem
279 939 354 977 nisi
393 940 630 977 mendosum
668 946 707 976 et
744 937 1052 976 medicandum?
1091 936 1160 974 Vir
1188 937 1314 975 bonus

231 1010 289 1042 est
318 1002 429 1053 quis?
1264 1015 1314 1047 40

126 1068 230 1117 ‘Qui
259 1069 439 1107 consulta
466 1074 630 1117 patrum,
662 1066 729 1117 qui
757 1068 862 1117 leges
890 1065 1052 1116 iuraque
1080 1074 1216 1114 servat,

124 1146 204 1184 quo
232 1135 379 1172 multae
406 1145 652 1182 magnaeque
682 1140 864 1171 secantur
892 1131 1021 1169 iudice
1050 1130 1149 1177 lites,

125 1210 205 1248 quo
233 1211 293 1236 res
322 1209 510 1247 sponsore
538 1204 577 1235 et
605 1209 684 1246 quo
713 1209 852 1235 causae
881 1203 979 1234 teste
1008 1197 1231 1238 tenentur}

125 1263 203 1302 Sed
230 1262 338 1301 videt
363 1263 471 1300 hunc
498 1260 625 1300 omnis
654 1262 795 1300 domus
824 1267 863 1299 et
891 1258 1033 1298 vicinia
1060 1266 1144 1298 tota

125 1328 334 1367 introrsum
362 1334 527 1377 turpem,
557 1325 779 1376 speciosum
808 1326 910 1375 pelle
938 1325 1091 1363 decora.
1266 1337 1313 1374 45

131 1393 241 1430 ‘Nec
268 1392 411 1429 furtum
440 1390 514 1429 feci
543 1403 618 1428 nec
647 1390 749 1440 fugi’
781 1390 813 1428 si
842 1389 937 1427 mihi
966 1389 1073 1428 dicat

126 1469 268 1504 servus,
301 1456 463 1494 ‘Habes
491 1455 672 1505 pretium,
704 1454 794 1493 loris
823 1468 905 1493 non
933 1454 1069 1493 ureris'
1098 1453 1170 1493 aio.

130 1525 139 1542 ‘
152 1524 247 1561 Non
266 1521 469 1559 hominem
491 1520 644 1559 occidi)
701 1522 795 1558 Non
815 1532 953 1569 pasces
973 1518 1014 1556 in
1034 1531 1148 1557 cruce
1168 1531 1313 1557 corvos.

128 1587 245 1625 ‘Sum
273 1587 402 1624 bonus
432 1592 470 1623 et
497 1585 619 1634 frugi!
676 1583 823 1622 Renuit
852 1583 1081 1632 negitatque
1109 1583 1295 1621 Sabellus.

128 1651 278 1690 Cautus
308 1648 412 1688 enim
440 1649 578 1687 metuit
607 1650 761 1687 foveam
790 1649 903 1697 lupus
932 1647 1194 1697 accipiterque
1269 1659 1317 1696 50

128 1721 330 1764 suspectos
359 1715 520 1764 laqueos
550 1721 587 1752 et
616 1721 794 1764 opertum
823 1713 965 1751 miluus
993 1713 1164 1750 hamum.

129 1779 308 1819 Oderunt
335 1791 497 1828 peccare
525 1778 620 1817 boni
648 1777 797 1817 virtutis
826 1790 970 1816 amore.

128 1845 192 1882 Tu
219 1843 316 1881 nihil
344 1843 530 1882 admittes
558 1843 600 1881 in
627 1850 666 1881 te
694 1841 902 1881 formidine
930 1854 1103 1892 poenae:

129 1907 179 1947 sit
207 1920 298 1958 spes
327 1907 498 1955 fallendi,
528 1907 711 1946 miscebis
740 1919 848 1945 sacra
876 1905 1057 1957 profanis.

196 2020 246 2050 30.
287 2010 414 2051 pateris
429 2008 482 2049 α’-γ
498 2010 634 2043 ΒΟΚΜ
651 2022 658 2041 :
681 2010 804 2051 poteris
820 2009 876 2042 a'':
906 2010 1018 2050 cupias
1033 2010 1066 2049 β.
1160 2020 1211 2048 40.
1258 2021 1318 2040 mc-

130 2065 305 2097 dicandum
322 2063 355 2095 ω’
371 2065 507 2098 ΒΟΚΜ
522 2077 530 2097 2
554 2064 746 2096 mendacem.
813 2074 866 2105 43.
904 2075 954 2095 res
969 2069 1114 2104 sponsore
1127 2063 1295 2096 VBOKM
1311 2077 1318 2095 z

130 2123 313 2160 responsore
326 2117 371 2149 ω’.
459 2127 511 2159 45.
561 2120 741 2149 introrsum
759 2119 802 2157 αβ
818 2117 885 2149 OK
901 2129 908 2149 ε
939 2118 1099 2147 introrsus
1115 2117 1180 2147 ΒΜ
1196 2128 1203 2148 :
1233 2117 1320 2148 lum(

126 2178 271 2213 prorsus.
363 2169 416 2212 46.
461 2172 547 2203 dicat
561 2171 596 2202 ω’
612 2172 679 2204 OK
694 2183 702 2205 ε
731 2172 811 2202 dicit
823 2171 900 2202 ΒΜ.
989 2180 1042 2213 49.
1087 2170 1262 2212 negitatque
1277 2174 1320 2211 αβ

133 2225 268 2258 ΒΟΚΜ
283 2237 291 2258 z
321 2230 417 2268 negat
429 2231 526 2268 alque
541 2238 576 2266 γ.
