1461 2448
106 111 186 167 76.]
399 114 488 152 DE
524 114 690 152 ARTE
725 115 997 153 POETICA.
1255 119 1304 166 63

104 213 248 261 fingere
276 208 459 265 effictutis
488 205 568 252 non
599 213 783 252 exaudita
812 214 1000 263 Cethegis
1255 229 1303 264 50

103 276 318 326 continget,
348 277 584 328 dabiturque
614 278 771 317 licentia
799 287 954 328 sumpta
983 280 1202 329 pudenter3

105 349 142 380 et
171 355 274 381 nova
302 344 471 393 fictaque
497 356 622 393 nuper
649 344 850 382 habebunt
878 344 997 382 verba
1026 345 1146 382 fidem
1177 344 1208 382 si

105 407 257 445 Graeco
285 408 394 446 fonte
422 408 576 455 cadent,
606 421 723 457 parce
753 408 916 446 detorta.
976 408 1083 457 Quid
1113 416 1244 446 autem

81 471 280 512 “Caecilio
310 473 530 522 Plautoque
560 473 669 511 dabit
699 474 905 510 Romanus
934 473 1166 522 ademptum

104 538 276 587 Vergilio
305 537 535 587 Varioque?
592 539 677 587 Ego
706 551 787 584 cur,
817 537 1016 587 acquirere
1046 552 1174 588 pauca
1254 552 1300 589 55

104 601 136 641 si
163 615 337 652 possum,
367 601 557 649 invideor,
587 616 677 640 cum
707 602 839 653 lingua
869 602 1033 642 Catonis
1063 610 1102 641 et
1132 602 1236 640 Enni

105 680 325 705 sermonem
354 666 523 716 patrium
551 667 732 706 ditaverit
761 675 800 706 et
828 681 932 706 nova
959 681 1087 706 rerum

105 733 266 771 nomina
294 732 525 782 protulerit?
581 732 709 770 Licuit
739 745 973 782 semperque
1001 732 1136 771 licebit

104 797 299 848 signatum
327 804 531 847 praesente
560 804 655 834 nota
683 797 900 846 producere
928 810 1085 835 nomen.

105 865 163 903 Ut
190 863 308 901 silvae
336 861 436 901 foliis
465 851 610 912 prorios
640 870 840 900 mutantur
868 862 908 900 in
938 876 1074 909 annos,
1252 865 1302 900 60

103 928 227 978 prima
255 929 413 975 cadunt,
442 927 496 966 ita
523 928 732 966 verborum
761 935 872 965 vetus
900 927 1032 965 interit
1060 935 1180 973 aetas,

105 1001 142 1032 et
169 993 354 1032 iuvenum
384 993 458 1031 ritu
487 994 628 1031 florent
655 993 778 1031 modo
807 1001 898 1030 nata
926 992 1148 1042 vigentque.

105 1059 308 1097 Debemur
335 1057 451 1096 morti
479 1070 553 1095 nos
582 1065 795 1106 nostraque
810 1072 820 1104 ;
854 1057 934 1095 sive
963 1065 1144 1107 receptus

104 1113 202 1162 terra
230 1125 442 1173 Neptunus
471 1124 614 1161 classes
643 1122 895 1172 aquilonibus
925 1131 1041 1171 arcet,

103 1188 202 1238 regis
231 1201 342 1237 opus,
376 1188 563 1226 sterilisve
593 1187 661 1226 diu
690 1188 801 1236 palus
832 1195 1004 1236 aptaque
1032 1186 1149 1226 remis
1230 1190 1299 1237 ⁷65

103 1254 249 1292 vicinas
277 1254 392 1292 urbes
420 1252 489 1290 alit
518 1260 557 1290 et
584 1264 700 1301 grave
729 1251 847 1289 sentit
876 1260 1056 1298 aratrum,

105 1332 172 1357 seu
201 1331 356 1356 cursum
385 1317 550 1354 mutavit
578 1315 757 1365 iniquum
786 1315 960 1365 frugibus
989 1315 1116 1354 amnis

104 1384 242 1421 doctus
270 1382 341 1420 iter
368 1380 531 1429 melius·
559 1379 739 1418 mortalia
766 1381 870 1418 facta
898 1379 1093 1429 peribunt,

103 1447 250 1485 nedum
279 1458 504 1484 sermonum
534 1452 608 1484 stet
636 1446 764 1483 honos
794 1452 833 1483 et
861 1444 983 1494 gratia
1008 1444 1132 1483 vivax.

105 1498 232 1548 Multa
259 1517 510 1548 renascentur
538 1522 639 1559 quae
668 1509 746 1546 iam
776 1508 967 1554 cecidere,
998 1510 1221 1559 cadentque
1254 1523 1300 1558 70

103 1589 203 1625 quae
231 1588 338 1613 nunc
366 1581 455 1612 sunt
483 1573 524 1612 in
552 1574 704 1612 honore
733 1575 938 1621 vocabula,
970 1574 1002 1612 si
1030 1576 1137 1613 volet
1166 1589 1271 1621 usuS‚

103 1653 220 1691 quem
248 1653 372 1690 penes
400 1638 601 1678 arbitrium
631 1646 689 1677 est
719 1645 757 1676 et
785 1638 844 1676 ius
874 1646 912 1677 et
940 1652 1078 1677 norma
1097 1640 1298 1689 loquendi.

103 1706 184 1742 Res
212 1711 345 1753 gestae
373 1715 587 1752 regumque
617 1703 842 1751 ducumque
871 1710 910 1740 et
940 1702 1063 1741 tristia
1091 1703 1194 1742 bella

102 1783 180 1819 quo
209 1768 323 1807 scribi
351 1776 514 1818 possent
541 1781 705 1806 numero
734 1767 965 1806 monstravit
996 1769 1207 1806 Homerus.

79 1827 288 1873 -Ysersibus
316 1833 514 1883 impariter
541 1832 684 1871 iunctis
713 1832 958 1882 querimonia
985 1833 1164 1882 primum,
1253 1846 1297 1883 75

103 1906 193 1949 post
221 1898 339 1937 etiam
367 1897 519 1936 inclusa
547 1903 606 1936 est
633 1896 715 1935 voti
744 1896 941 1935 sententia
968 1910 1156 1946 compos:

169 2045 219 2075 5²·
254 2034 400 2076 fictaque
421 2046 446 2065 ω
459 2034 582 2066 OKM:
599 2033 758 2075 factaque
784 2033 822 2064 B.
1035 2040 1085 2071 59.
1125 2033 1301 2072 producere

105 2088 132 2120 ω’
137 2089 262 2121 OKM:
277 2087 452 2129 procudere
468 2088 504 2119 B.
602 2097 719 2118 nomen
737 2086 868 2117 ωΟΚΜ
879 2093 886 2115 t
911 2095 1086 2115 nummum
1106 2084 1140 2115 Β.
1245 2085 1295 2117 60.

102 2144 202 2175 silvae
207 2142 302 2184 foliis
309 2147 430 2182 pronos
445 2141 578 2173 ωΟΚΜ
592 2152 599 2172 z
614 2141 706 2171 silvis
711 2139 800 2180 solia
810 2139 925 2179 privos
942 2139 979 2168 B.
1112 2137 1130 2168 6
1135 2146 1164 2176 5.
1210 2140 1298 2170 steri-

102 2198 182 2229 lt'sve
204 2195 368 2229 S'BOK:
391 2197 573 2238 sterilisque
597 2199 625 2227 s*
633 2195 696 2226 'M.
775 2194 834 2224 diu
855 2194 956 2234 palus
979 2192 1094 2224 mOM:
1119 2193 1218 2233 palus
1240 2194 1301 2225 diu

103 2252 153 2283 K:
170 2250 379 2293 palusprius
395 2250 434 2281 B.
566 2248 618 2281 68.
655 2249 749 2291 facta
766 2246 925 2279 w'OKM:
949 2252 1064 2278 cuncta
1083 2247 1120 2277 B.
