1461 2448
107 155 132 187 4
346 140 514 178 ΗΘΚΛ
523 140 589 177 Τ]
610 137 946 177 EPISTULAR
957 137 1051 175 UM
1122 133 1170 187 [Ι.
1197 147 1212 171 1
1223 145 1297 182 7-—

105 236 254 276 virtutis
281 249 398 275 verae
427 243 558 275 custos
586 235 811 285 rigidusque
840 234 1005 281 satelles,

108 315 215 340 nunc
243 301 284 339 in
313 300 503 351 Aristippi
530 300 661 338 furtim
690 306 902 349 praecepta
933 299 1088 336 relabor
1166 344 1168 346 Ι

109 373 147 403 et
176 364 271 403 mihi
300 377 360 402 res
389 377 471 402 non
501 376 564 402 me
593 365 708 401 rebus
738 362 973 411 subiungere
1001 352 1179 420 cononaej]

111 431 168 468 Ut
197 442 275 467 nox
301 429 420 478 longa
447 428 589 478 quibus
617 426 804 465 mentitur
831 425 958 464 amica
985 420 1158 474 diesque*
1251 436 1299 461 20

109 495 227 543 longa
253 493 406 532 videtur
434 506 532 542 opus
561 489 808 539 debentibus,
837 498 881 529 ut
908 490 1015 541 piger
1043 503 1169 540 annus
1258 513 1261 518 ι

110 557 266 608 pupillis
296 570 394 606 quos
423 558 520 595 dura
547 555 690 606 premit
718 555 898 593 custodia
926 545 1158 605 matrumpss
1196 543 1204 574 3'
1248 549 1250 553 ’
1334 553 1336 560 “

113 621 167 659 sic
196 620 291 659 mihi
319 621 430 658 tarda
458 621 583 657 fluunt
612 618 840 668 ingrataque
865 625 1045 667 tempora
1069 630 1168 667 quae
1193 629 1302 667 spem

112 685 398 734 consiliumque
426 690 627 722 morantur
655 682 796 732 agendi
801 682 973 737 fflyiter
1001 680 1041 720 id
1070 681 1178 730 quod
1268 673 1269 677 ¹

113 762 238 799 aeque
266 747 501 799 pauperibus
530 748 702 797 prodest,
731 746 995 796 locupletibus
1023 759 1159 796 aeque,
1255 758 1273 782 2
1282 756 1300 793 5

113 827 237 864 aeque
265 815 487 863 neglectum
516 811 646 861 pueris
675 810 913 860 senibusque
940 809 1111 848 nocebit.

115 881 253 917 Restat
278 885 321 916 ut
346 877 404 915 his
428 889 501 925 ego
528 889 591 914 me
617 875 700 924 ipse
725 887 857 924 regam
883 875 1061 924 solerque
1088 872 1301 912 elementis.

116 944 209 980 Non
237 931 374 992 possis
391 932 508 979 oculo
537 947 728 989 quantum
757 938 994 977 contendere
1024 939 1215 987 Lynceus,

115 1018 196 1044 non
225 1013 357 1044 tamen
386 1003 531 1043 idcirco
561 1010 790 1042 contemnas
819 1002 947 1051 lippus
975 1000 1161 1050 inungui,

117 1084 202 1116 nec,
233 1069 323 1119 quia
351 1070 533 1119 desperes
563 1067 696 1106 invicti
725 1067 901 1105 membra
929 1065 1127 1116 Glyconis,
1255 1077 1305 1113 30

117 1136 270 1173 nodosa
298 1147 440 1184 corpus
469 1133 570 1172 nolis
598 1132 805 1182 prohibere
833 1132 1024 1180 cheragra.

122 1203 193 1239 Est
221 1202 391 1249 quadam
420 1198 576 1249 prodire
605 1206 731 1245 tenus,
762 1195 793 1235 si
821 1209 902 1235 non
931 1196 1045 1234 datur
1071 1195 1180 1233 ultra.

120 1267 258 1304 Fervet
286 1264 446 1303 avaritia
473 1264 694 1313 miseroque
723 1261 909 1312 cupidine
936 1267 1098 1310 pectus:

120 1337 209 1368 sunt
235 1330 354 1368 verba
381 1337 420 1368 et
448 1342 564 1368 voces
594 1329 734 1378 quibus
762 1328 867 1364 hunc
894 1325 1014 1364 lenire
1043 1325 1219 1363 dolorem

121 1394 246 1445 possis
275 1402 314 1434 et
342 1383 525 1444 magnam
554 1392 680 1432 morbi
709 1394 908 1442 deponere
937 1398 1099 1440 partem.
1259 1399 1306 1437 35

122 1460 266 1499 Laudis
295 1473 428 1498 amore
457 1467 607 1498 tumes:
638 1465 726 1497 sunt
755 1465 858 1496 certa
885 1455 1040 1506 piacula
1067 1467 1169 1505 quae
1196 1460 1235 1492 te

122 1533 178 1563 ter
205 1537 301 1574 pure
329 1525 431 1562 lecto
460 1530 644 1573 poterunt
672 1535 843 1561 recreare
871 1521 1014 1559 libello.

121 1589 297 1637 Invidus,
327 1588 548 1635 iracundus,
580 1589 692 1635 iners,
722 1588 894 1633 vinosus,
925 1593 1102 1632 amator,v

124 1668 239 1693 nemo
268 1655 368 1692 adeo
397 1655 498 1692 ferus
528 1660 585 1692 est
612 1661 655 1691 ut
684 1666 764 1691 non
793 1652 995 1690 mitescere
1023 1649 1180 1700 possit„

124 1721 155 1759 si
184 1721 304 1759 modo
333 1721 507 1758 culturae
536 1718 751 1769 patientem
781 1718 1008 1756 commodet
1035 1728 1179 1755 aurem.
1260 1727 1310 1761 40
1333 1711 1335 1714 ⁴

124 1785 256 1823 Virtus
286 1792 344 1823 est
371 1784 507 1822 vitium
536 1785 668 1834 fugere
697 1790 736 1822 et
764 1782 955 1832 sapientia
982 1780 1109 1831 prima

124 1849 286 1888 stultitia
314 1848 492 1887 caruisse.
549 1849 683 1896 Vides,
717 1861 817 1897 quae
846 1846 1017 1885 maxima
1044 1843 1170 1883 credis

124 1927 210 1953 esse
238 1914 351 1960 mala,
383 1913 565 1963 exiguum
594 1925 755 1951 censum
784 1918 1014 1960 turpemque
1042 1908 1246 1958 repulsam,

125 1986 272 2028 quanto
302 1977 450 2016 devites
479 1976 597 2015 animi
626 1976 843 2027 capitisque
871 1975 1027 2021 labore3

126 2043 276 2093 inpiger
304 2049 499 2081 extremos
528 2041 645 2080 curris
674 2048 864 2080 mercator
892 2041 942 2078 ad
971 2039 1107 2086 Indos,
1261 2047 1310 2086 45

190 2175 242 2206 28.
272 2175 360 2207 oculo
377 2174 408 2206 ω’
424 2175 529 2208 ΟΚΜ
545 2187 552 2207 :
575 2176 678 2207 oculos
694 2175 732 2206 Β.
806 2184 856 2215 32.
887 2173 1029 2215 quadam
1046 2170 1139 2214 α’β’γ’
1155 2171 1310 2205 ΟΚΜΒ;

125 2231 228 2272 quoda
232 2241 269 2283 7sz
277 2229 308 2261 α’
309 2229 409 2271 ’β”γ”.
676 2235 678 2238 ’
