1461 2448
123 169 175 203 44
364 153 607 193 HORATJ
634 151 1078 192 EPISTULARUM
1142 148 1191 202 [Ι.
1219 153 1320 188 18—-

125 255 202 293 Sed
230 260 318 292 tuus
347 253 410 291 hic
438 252 620 302 populus,
651 251 806 300 sapiens
835 257 874 288 et
902 251 1025 288 iustus
1053 250 1094 287 in
1121 262 1202 287 uno

126 328 164 357 te
192 319 333 357 nostris
363 318 541 364 ducibus,
573 323 612 354 te
641 317 753 354 Grais
781 315 1048 360 anteferendo‚

126 392 254 422 cetera
280 395 529 432 nequaquam
560 381 673 419 simili
702 381 852 418 ratione
881 380 1083 428 modoque
1274 391 1321 415 20

127 448 316 493 aestimat,
349 454 387 484 et
416 446 489 483 nisi
520 457 621 494 quae
650 444 757 482 terris
787 449 938 480 semota
966 443 1124 491 suisque

127 512 370 561 temporibus
399 510 585 548 defuncta
612 509 730 552 videt,
761 508 907 545 fastidit
937 515 976 545 et
1004 507 1098 553 odit,

129 577 185 615 sic
211 578 338 614 fautor
365 582 553 628 veterum,
583 579 626 611 ut
654 573 805 611 tabulas
834 584 997 620 peccare
1026 572 1193 609 vetantis

130 654 226 691 quas
254 641 314 678 bis
345 640 519 688 quinque
547 638 616 675 viri
646 644 866 682 sanxerunt,
897 637 1058 674 foedera
1085 648 1221 685 regum

128 706 191 744 vel
220 705 355 744 Gabiis
383 704 445 741 vel
474 715 565 740 cum
592 702 724 750 rigidis
753 708 922 750 aequata
950 700 1114 747 Sabinis,
1281 712 1299 735 2
1306 709 1326 747 5

130 771 363 821 pontificum
391 770 521 815 libros,
551 780 700 805 annosa
726 767 928 804 volumina
955 772 1089 803 vatum

133 836 285 873 dictitet
314 834 470 871 Albano
502 834 638 869 Musas
668 832 708 868 in
737 838 872 868 monte
900 831 1062 868 locutas.

133 900 183 947 Si,
215 900 306 948 quia
336 899 543 936 Graiorum
573 903 662 933 sunt
691 896 962 944 antiquissima
991 906 1171 943 quaeque

135 965 277 1013 scripta
304 964 366 1001 vel
395 963 555 1011 optima,
588 961 758 999 Romani
788 968 1002 1009 pensantur
1034 960 1173 997 eadem

135 1027 342 1075 scriptores
362 1026 518 1070 trutina,
541 1037 621 1065 non
642 1032 699 1061 est
720 1024 828 1072 quod
849 1024 971 1060 multa
990 1024 1221 1071 loquamur:
1283 1034 1333 1069 30

136 1092 191 1129 nil
219 1091 319 1128 intra
348 1097 407 1128 est
435 1090 532 1135 olea,
568 1089 621 1125 nil
650 1096 758 1125 extra
787 1094 844 1125 est
873 1088 912 1124 in
942 1099 1041 1124 nuce
1069 1087 1166 1132 duri,

136 1158 315 1195 venimus
344 1156 396 1193 ad
425 1166 623 1192 summum
651 1154 839 1200 fortunae,
872 1153 1068 1201 pingimus
1097 1159 1216 1201 atque

138 1221 339 1271 psallimus
371 1227 407 1257 et
436 1219 629 1255 luctamur
657 1217 817 1254 Achivis
846 1216 998 1254 doctius
1027 1216 1164 1253 unctis.

139 1288 177 1326 Si
207 1287 368 1324 meliora
396 1285 490 1331 dies,
521 1290 563 1321 ut
591 1284 692 1327 vina,
723 1288 907 1331 poemata
934 1282 1072 1329 reddit,

140 1353 236 1390 scire
255 1351 384 1395 velim,
407 1350 548 1388 chartis
570 1349 738 1397 pretium
759 1355 902 1396 quotus
922 1348 1084 1396 adroget
1103 1359 1239 1384 annus.
1289 1356 1336 1394 35

141 1416 312 1465 Scriptor
340 1414 484 1451 abhinc
514 1425 639 1450 annos
668 1419 826 1449 centum
857 1412 923 1459 qui
953 1412 1110 1456 decidit,
1134 1412 1235 1448 inter

142 1482 337 1530 perfectos
366 1486 597 1526 veteresque
626 1476 754 1513 referri
785 1476 903 1513 debet
933 1488 982 1512 an
1011 1475 1112 1512 inter

142 1547 227 1583 vilis
257 1552 374 1593 atque
404 1543 557 1580 novos?
614 1541 807 1578 Excludat
836 1540 956 1588 iurgia
984 1539 1081 1576 finis.
1344 1583 1347 1586 Α

148 1611 241 1647 ‘Est
272 1617 381 1646 vetus
411 1616 529 1655 atque
559 1606 704 1655 probus
734 1612 891 1642 centum
922 1603 986 1651 qui
1016 1602 1166 1651 perficit
1194 1600 1343 1638 annos.’

147 1676 255 1724 Quid
285 1675 351 1723 qui
381 1673 545 1721 deperiit
575 1672 700 1708 minor
729 1682 810 1708 uno
839 1681 975 1706 mense
1003 1668 1064 1705 vel
1092 1679 1209 1710 anno,
1293 1679 1342 1711 40

147 1742 246 1778 inter
275 1751 374 1788 quos
403 1737 628 1774 referendus
658 1736 757 1773 erit?
807 1736 1023 1772 Veteresne
1050 1740 1199 1782 poetas,

149 1818 199 1843 an
228 1817 327 1853 quos
357 1810 394 1841 et
423 1814 606 1851 praesens
636 1807 675 1838 et
704 1806 861 1849 postera
889 1803 1045 1846 respuat
1073 1797 1202 1833 aetas?

153 1873 256 1908 ‘Iste
285 1868 446 1917 quidem
475 1874 623 1904 veteres
652 1866 752 1903 inter
779 1871 949 1913 ponetur
976 1863 1150 1911 honeste,

152 1935 218 1984 qui
247 1935 308 1971 vel
337 1944 472 1970 mense
501 1931 607 1968 brevi
636 1930 697 1967 vel
725 1937 809 1967 toto
839 1935 896 1965 est
924 1927 1050 1964 iunior
1077 1924 1207 1962 anno?

154 2001 258 2038 Utor
285 1998 487 2048 permisso,
517 1995 744 2042 caudaeque
772 1993 871 2042 pilos
900 1998 943 2028 ut
971 1990 1137 2038 equinae
1298 1997 1346 2035 45

154 2053 358 2115 paullatim
386 2063 487 2100 vello
517 2067 555 2098 et
584 2060 701 2097 demo
731 2070 864 2102 unum,
895 2056 1012 2093 demo
1041 2054 1158 2092 etiam
1187 2064 1320 2097 unum,

225 2157 274 2188 18.
319 2154 370 2186 lzic
386 2152 528 2184 w‘OMK
555 2162 562 2182 :
586 2151 641 2181 lzoc
657 2150 695 2179 B.
786 2148 836 2178 28.
887 2145 1065 2177 Graiorum
1081 2143 1174 2184 βΒΜ
1194 2155 1202 2174 :
1222 2143 1351 2173 Graeco-

158 2222 235 2242 rum
259 2209 383 2249 αὙΟΚ.
553 2215 602 2245 31.
643 2204 707 2236 olea
725 2202 788 2234 ΒΚ
809 2201 933 2233 :oleam
957 2199 1074 2231 w‘OM.
1164 2195 1217 2236 46.
1255 2195 1352 2227 etiam

159 2264 273 2306 αβΟΚ
299 2275 307 2295 2
330 2267 359 2294 et
381 2262 455 2293 item
477 2260 580 2301 7331.
1147 2265 1153 2273 =
1173 2271 1178 2273 -
1211 2268 1218 2273 ‹
