1461 2448
109 153 156 189 26
301 153 544 191 HORATJ
571 152 1008 191 EPISTULARUM
1033 150 1169 205 [XIII.
1195 165 1296 190 11—-

105 247 242 286 Victor
269 249 459 299 propositi
488 250 602 288 simul
631 263 677 288 ac
705 249 925 300 perveneris
954 249 1055 297 illuc,

107 312 161 351 sic
190 313 361 362 positum
390 314 559 352 servabis
588 327 698 360 onus,
733 328 783 352 ne
813 316 911 352 forte
940 315 1012 352 sub
1040 315 1103 352 ala

107 376 334 414 fasciculum
362 385 493 427 portes
523 377 706 416 librorum
735 385 778 416 ut
805 379 971 416 rusticus
1000 391 1156 428 agnum,

107 449 150 479 ut
177 441 314 480 vinosa
341 443 495 491 glomus
523 442 685 481 furtivae
714 442 845 492 Pyrria
871 443 997 489 lanae,

108 513 151 544 ut
179 520 269 544 cum
297 507 457 556 pilleolo
487 508 612 545 soleas
641 507 807 545 conviva
835 506 995 545 tribulis.
1251 518 1294 557 15

110 572 171 609 Ne
201 572 315 620 volgo
344 584 474 609 narres
503 579 541 609 te
570 570 769 610 sudavisse
798 572 960 610 ferendo
1049 569 1053 573 ’

109 634 280 672 carmina
309 647 409 684 quae
438 635 589 684 possint
618 636 753 673 oculos
788 634 968 684 aurisque
997 633 1138 674 morari

111 699 297 738 Caesaris.
357 700 500 738 Oratus
529 699 652 736 multa
680 712 805 748 prece,
836 699 959 737 nitere
987 712 1113 748 porro.

107 765 231 812 Vade,
260 764 345 802 vale
358 777 370 811 3
403 776 496 802 cave
525 776 575 802 ne
605 762 746 801 titubes
775 764 1041 812 mandataque
1069 764 1231 814 frangas.

653 983 764 1022 XIV.

110 1079 236 1118 Vilice
265 1079 444 1118 silvarum
475 1085 514 1117 et
542 1078 637 1116 mihi
666 1091 730 1116 me
758 1076 957 1116 reddentis
986 1076 1112 1127 agelli,

111 1158 228 1194 quem
256 1152 298 1183 tu
326 1143 475 1182 fastidis
504 1142 722 1180 habitatum
751 1141 925 1190 quinque
953 1141 1050 1180 focis
1079 1148 1118 1179 et

111 1209 288 1259 quinque
315 1210 442 1247 bonos
472 1207 629 1246 solitum
658 1204 814 1244 Variam
845 1205 1040 1244 dimittere
1068 1212 1207 1254 patres,

58 1311 59 1314 ,
111 1282 315 1320 certemus,
345 1273 476 1323 spinas
506 1271 689 1310 animone
718 1284 791 1321 ego
819 1270 954 1308 fortius
982 1283 1033 1308 an
1061 1278 1104 1308 tu

112 1339 255 1377 evellas
284 1350 376 1387 agro
405 1344 443 1375 et
472 1336 610 1374 melior
638 1335 686 1373 sit
716 1334 906 1373 Horatius
934 1347 984 1372 an
1012 1347 1084 1372 res.
1279 1345 1299 1383 5

114 1405 184 1441 Me
213 1401 390 1452 quamvis
419 1400 580 1439 Lamiae
608 1399 733 1450 pietas
762 1407 801 1438 et
828 1412 920 1437 cura
947 1407 1131 1447 moratur,

111 1468 267 1505 fratrem
296 1464 514 1511 maerentis,
545 1472 656 1513 rapto
686 1465 736 1502 de
764 1465 876 1502 fratre
905 1464 1075 1502 dolentis

113 1529 378 1577 insolabiliter,
409 1537 541 1568 tamen
565 1528 665 1566 istuc
693 1541 804 1566 mens
832 1527 1064 1577 animusque

112 1596 184 1633 fert
212 1602 251 1633 et
279 1600 385 1632 amat
414 1591 545 1642 spatiis
574 1591 770 1630 obstantia
797 1604 977 1640 rumpere
1006 1592 1182 1629 claustra

115 1661 222 1697 Rure
250 1670 323 1708 ego
351 1656 558 1703 viventem,
589 1663 630 1694 tu
659 1655 756 1693 dicis
784 1654 825 1692 in
853 1656 948 1692 urbe
977 1655 1148 1693 beatum.
1257 1668 1303 1692 10

116 1724 191 1763 Cui
218 1725 347 1774 placet
375 1721 542 1770 alterius,
574 1734 644 1759 sua
672 1720 855 1758 nimirum
884 1726 943 1758 est
971 1719 1063 1758 odio
1092 1732 1184 1758 sors.

115 1790 261 1828 Stultus
289 1795 453 1837 uterque
480 1787 611 1824 locum
640 1785 860 1823 inmeritum
889 1792 1069 1823 causatur
1095 1783 1252 1833 inique:

115 1853 156 1891 in
184 1853 300 1901 culpa
327 1858 386 1889 est
412 1850 577 1897 animus,
608 1849 675 1899 qui
703 1862 744 1888 se
772 1862 853 1887 non
883 1848 1015 1898 effugit
1043 1862 1241 1899 umquam.

116 1919 178 1954 Tu
207 1915 462 1954 mediastinus
490 1913 607 1952 tacita
634 1926 748 1963 prece
776 1926 864 1951 rura
892 1914 1066 1962 petebas,

117 1995 223 2020 nunc
251 1982 387 2019 urbem
416 1987 454 2018 et
481 1980 597 2017 ludos
626 1985 664 2017 et
691 1979 832 2017 balnea
860 1977 995 2015 vilicus
1024 1984 1160 2027 optas:
1259 1989 1303 2028 15

183 2089 389 2128 X111.—14.
430 2088 557 2129 glomus
576 2085 627 2118 w'z
653 2086 783 2127 glomos.
824 2085 948 2125 Pyrria
965 2096 999 2116 ω.
1092 2093 1141 2125 15.
1178 2085 1308 2127 pilleolo

120 2143 152 2174 ω’
169 2143 240 2174 ΚΜ
255 2154 263 2173 :
288 2142 400 2183 pileolo
416 2141 489 2172 ΒΟ.
581 2138 630 2171 16.
675 2150 716 2170 ne
730 2138 761 2170 ω’
778 2139 883 2171 ΟΚΜ
899 2151 906 2170 z
937 2150 1000 2170 neu
1017 2139 1054 2171 B.

185 2196 360 2229 XIV.—1.
413 2195 511 2228 Vilice
541 2192 574 2225 ω’
605 2194 733 2227 OKM:
772 2193 883 2224 Vz'llz'ce
912 2193 949 2225 B.
1062 2201 1092 2234 9.
1140 2196 1232 2224 amat
1260 2203 1306 2224 m:

120 2255 192 2282 avet
208 2251 246 2282 B.
