1461 2448
134 139 268 196 XVII·
293 134 384 190 26.]·
419 136 538 181 LIB.
569 136 604 174 J.
644 135 1002 174 EPJSDXVJJ.
1260 148 1320 184 ,313

650 302 785 339 XVII.

134 391 333 452 Quamvis,
364 401 520 448 Scaeva,
553 399 644 438 satis
673 412 742 449 per
770 406 808 437 te
837 397 907 436 tibi
936 397 1107 437 consuliS
1137 404 1175 436 et
1204 397 1277 436 scis

132 480 212 516 quo
240 467 401 505 tandem
429 472 547 515 pacto
575 465 715 503 deceat
742 463 954 502 maioribus
983 463 1049 509 uti,

132 532 252 579 disce,
284 531 488 569 docendus
519 529 648 567 adhuc
677 541 779 578 quae
809 535 944 566 censet
972 527 1174 572 amiculus,
1204 534 1246 565 ut
1275 526 1306 565 si

132 609 271 635 caecus
299 595 371 634 iter
398 601 614 632 monstrare
642 593 735 631 velit
745 609 753 638 ;
783 599 915 630 tamen
945 591 1102 641 adspice
1132 591 1261 640 siquid

133 668 171 699 et
199 673 272 698 nos
301 659 411 709 quod
439 671 550 696 cures
579 656 777 707 proprium
805 656 942 695 fecisse
971 658 1191 705 loquamur.
1302 668 1321 706 5

132 725 171 764 Si
200 733 238 763 te
266 728 374 774 grata
402 722 511 773 quies
541 731 580 760 et
608 721 775 771 primam
804 734 963 759 somnus
993 721 1032 758 in
1061 722 1198 758 horam

131 790 312 835 delectat,
343 787 374 825 si
403 794 442 826 te
470 786 596 836 pulvis
626 785 886 835 strepitusque
914 793 1099 832 rotarum,

131 853 163 892 si
191 853 310 891 laedit
339 865 529 902 caupona,
562 851 814 889 Ferentinum
843 850 897 889 ire
925 850 1081 888 iubebo.

132 920 236 956 Nam
265 920 394 966 neque
423 916 609 954 divitibus
639 915 876 964 contingunt
904 915 1048 965 gaudia
1078 914 1181 962 solis,

131 996 206 1022 nec
233 982 326 1020 vixit
355 982 474 1029 male,¹
501 981 568 1031 qui
597 988 712 1019 natus
742 979 989 1029 moriensque
1019 981 1162 1018 fefellit.
1279 994 1324 1017 10

131 1049 171 1088 Si
198 1047 395 1099 prodesse*
414 1046 490 1085 tuis
520 1047 733 1096 paulloque
763 1045 971 1095 benignius
1000 1045 1128 1094 ipsum

131 1121 171 1152 te
198 1120 361 1151 tractare
389 1113 509 1166 voles,
541 1112 707 1149 accedes
738 1110 865 1148 siccus
894 1110 945 1148 ad
973 1117 1148 1148 unctum.

134 1178 195 1216 ‘Si
225 1178 434 1227 pranderet
463 1177 576 1214 holus
606 1175 811 1225 patienter,
840 1174 995 1224 regibus
1024 1174 1080 1212 uti

132 1243 254 1281 nollet
283 1240 528 1290 Aristippus)
587 1239 644 1278 ‘Si
673 1239 787 1277 sciret
815 1239 969 1288 regibus
998 1238 1065 1284 uti,

132 1306 322 1345 fastidiret
349 1306 464 1344 holus
494 1304 561 1354 qui
589 1317 653 1342 me
681 1303 816 1341 notat.⁷
873 1302 1009 1342 Utrius
1037 1302 1177 1340 horum
1280 1316 1321 1355 15

133 1372 253 1409 verba
281 1370 423 1419 probes
453 1368 491 1407 et
520 1369 622 1405 facta
651 1368 762 1414 doce,
793 1367 854 1404 vel
884 1365 1011 1403 iunior
1038 1366 1130 1403 audi

132 1449 200 1474 cur
229 1435 277 1473 sit
305 1433 497 1484 Aristippi
525 1433 654 1483 potior
682 1431 885 1470 sententia„
944 1432 1128 1479 Namque

132 1500 359 1537 mordacem
389 1498 585 1548 Cynicum
614 1496 669 1535 sic
700 1496 895 1542 eludebat,
926 1502 969 1533 ut
998 1495 1128 1533 aiunt:

134 1565 308 1602 ‘Scurror
337 1575 409 1612 ego
437 1562 521 1611 ipse
550 1561 658 1609 mihi,
688 1562 839 1610 populo
868 1568 929 1598 tu:
959 1560 1100 1599 rectius
1129 1562 1205 1599 hoc
1234 1569 1272 1599 et

133 1626 375 1677 splendidius
413 1627 537 1665 multo
575 1633 644 1664 est.
715 1627 850 1675 Equus
889 1633 931 1663 ut
969 1638 1032 1663 me
1069 1633 1209 1675 portet,
1250 1627 1326 1663 alat

238 1700 317 1739 rex,
1280 1705 1327 1727 20

133 1755 304 1794 officium
334 1753 452 1792 facio:
482 1761 524 1792 tu
553 1754 682 1804 poscis
711 1754 811 1802 vilia,
842 1768 976 1793 verum

134 1820 254 1857 dante
282 1818 420 1864 minor,
451 1818 628 1867 quamvis
656 1820 731 1857 fers
760 1827 797 1858 te
827 1820 970 1858 nullius
999 1822 1204 1870 egentem)

135 1883 273 1923 Omnis
302 1882 544 1933 Aristippum
573 1883 704 1922 decuit
733 1885 843 1922 color
871 1892 910 1923 et
939 1892 1060 1923 status
1090 1892 1128 1923 et
1157 1899 1227 1933 res,

134 1955 393 1998 temptantem
422 1947 580 1996 maiora,
612 1949 691 1987 fere
720 1948 990 1998 praesentibus
1020 1962 1199 1998 aequum.
1278 1990 1281 1992 ,

136 2013 295 2059 Contra,
327 2025 445 2061 quem
475 2005 622 2062 duplici
651 2026 785 2062 panno
814 2013 1002 2063 patientia
1030 2015 1143 2061 velat,
1277 2026 1323 2063 25

135 2077 315 2125 mirabor,
344 2077 446 2116 vitae
476 2077 539 2116 via
568 2078 599 2116 si
628 2091 817 2117 conversa
846 2078 1014 2117 decebit.

199 2175 393 2207 XVII.—8.
433 2176 531 2207 laedit
543 2175 575 2216 β’
592 2177 699 2209 ΟΚΜ
715 2187 722 2208 :
754 2175 786 2207 ω’
801 2177 901 2208 laedet
917 2177 954 2209 B.
1026 2188 1075 2209 21.
1116 2177 1198 2209 vilia
1216 2189 1327 2209 rerum

136 2231 255 2264 BOM:
285 2230 379 2267 vilia,
395 2240 508 2261 verum
525 2230 579 2263 w':
605 2231 693 2271 vilia,
714 2242 842 2263 verums
860 2236 889 2263 ς·
906 2232 951 2263 Κ.

242 2309 352 2335 WH.
1199 2311 1220 2348 3
